3142 5242
550 479 775 527 SESSIONES
803 481 1041 528 SOLEMNES.

522 714 641 780 Sessio
664 716 811 794 errra
832 735 877 778 nr
896 716 1057 782 Uanus.

214 903 280 972 Die
303 905 440 992 septima
460 905 655 990 Decembris,
682 906 853 973 Dominiea
874 926 913 973 11.
936 906 1119 991 Adventus,
1140 913 1173 972 et
1200 905 1306 994 pridie
1332 905 1406 973 festi

169 1006 402 1074 Immaculatae
415 1009 639 1097 Conoeptionis
653 1009 693 1076 B.
706 1010 821 1093 M.V.,
833 1011 943 1077 habita
956 1018 1003 1077 est
1016 1010 1133 1075 ultima
1145 1010 1242 1076 sessio
1255 1009 1407 1076 solemnis

169 1110 311 1178 Consilii
324 1111 427 1178 Tertii
441 1111 584 1178 Plenarii
599 1112 849 1180 Baltimorensis.
894 1113 1049 1200 Hospites
1065 1113 1239 1179 adfuerunt
1256 1112 1360 1180 Illmi.
1374 1121 1406 1179 et

169 1214 259 1281 Rmi.
275 1215 519 1303 Archiepisoopi
532 1215 794 1282 Torontoniensis
808 1227 841 1282 et
855 1217 1101 1300 Halifaxiensis‚
1113 1215 1266 1304 Episoopi
1281 1216 1405 1304 Kings-

168 1319 332 1404 toniensis,
354 1319 621 1403 Hamiltonensis,
647 1327 679 1385 et
708 1319 928 1404 Eudooiensis,
955 1319 1136 1385 Auxiliaris
1161 1319 1405 1408 Archiepisoopi

168 1421 440 1490 Tomntoniensis.

213 1526 349 1593 Missam
370 1528 546 1594 solemnem
567 1527 615 1625 de·
629 1527 835 1594 Sanctissima
854 1529 1012 1594 Trinitate
1033 1528 1207 1594 oelebravit
1227 1527 1358 1595 Illmus.
1373 1536 1404 1595 et

168 1630 285 1697 Rmus.
314 1631 583 1718 Arohiepisoopus
619 1631 790 1716 Petrensis,
820 1632 996 1718 Coadjutor
1031 1631 1273 1719 Arohiepisoopi
1316 1631 1404 1697 Neo-

168 1733 387 1801 Eboraoensis.
433 1735 553 1801 Missae
566 1736 781 1802 inservierunt
793 1735 958 1823 presbyter
970 1735 1119 1801 assistens
1133 1735 1248 1802 Rmus.
1262 1734 1404 1801 Thomas

168 1837 316 1923 Preston,
330 1837 378 1907 V.
398 1837 453 1922 G„
473 1839 626 1904 diaeonus
647 1837 730 1906 Rev.
751 1838 799 1905 H.
820 1837 862 1905 L.
884 1837 1064 1922 Robinson,
1085 1837 1298 1904 subdiaoonus
1319 1837 1402 1906 Rev.

168 1940 216 2007 H.
231 1943 275 2009 A.
291 1942 413 2009 Brann.
457 1942 614 2029 Delegato
633 1942 820 2030 Apostolioo
839 1942 1027 2007 assistebant
1045 1941 1143 2007 iidem
1163 1942 1221 2028 qui
1241 1941 1277 2007 in
1298 1942 1405 2029 prima

167 2046 303 2111 sessione
316 2047 461 2113 solemni.

211 2149 297 2216 Cum
333 2150 464 2216 Illmus.
494 2159 527 2218 et
562 2150 676 2217 Rmus.
707 2150 974 2238 Arohiepisoopus
1003 2150 1199 2234 Cabasensis‚
1229 2149 1404 2237 coadjutor

167 2253 410 2342 Archiepiseopi
438 2254 472 2321 S.
496 2255 670 2337 Francisei‚
691 2253 892 2341 aegritudine
915 2253 1110 2319 detineretur
1137 2254 1311 2340 quominus
1338 2276 1403 2319 ser-

167 2380 295 2423 monem
308 2357 351 2424 ad
370 2358 528 2446 populum
547 2358 687 2442 haberet,
702 2357 832 2423 Illmus.
847 2364 880 2423 et
898 2357 1014 2423 Rmus.
1030 2357 1210 2444 Episoopus
1224 2357 1403 2423 Peoriensis

167 2460 203 2526 in
217 2463 286 2547 ejus
299 2462 406 2528 locum
420 2461 570 2527 suffectus
583 2471 632 2527 est
645 2461 702 2548 qui
717 2461 768 2526 De
780 2461 874 2546 taam
893 2461 1022 2528 Consilii
1041 2461 1138 2547 Opere
1151 2461 1310 2527 disseruit.

211 2565 339 2631 Deinde
358 2565 506 2630 inchoata
527 2574 575 2631 est
595 2566 690 2631 sessio
711 2564 884 2652 synodalis.
936 2564 1035 2630 Lecta
1055 2575 1132 2630 sunt
1152 2565 1277 2632 decreta
1296 2565 1402 2631 Tituli

166 2687 246 2754 vn„
261 2669 312 2734 De
325 2669 486 2742 Dootriao,
495 2669 689 2753 Christiana,
704 2669 811 2735 Tituli
821 2688 913 2753 vm„
928 2669 979 2734 De
995 2669 1064 2733 Zeu
1084 2669 1283 2753 Animorum,
1297 2669 1402 2735 Tituli

166 2793 231 2858 1x.,
243 2773 294 2838 De
307 2773 408 2839 Bonis
421 2773 576 2839 Ecclesiae
590 2773 828 2860 Temporolrbna,
842 2772 947 2839 Tituli
962 2792 1011 2856 x„
1023 2773 1074 2838 De
1087 2773 1223 2838 Jadieias
1233 2773 1402 2839 Eoelaeaius-

165 2879 244 2962 tioia,
258 2877 365 2943 Tituli
379 2897 444 2962 xa,
459 2877 511 2942 De
522 2878 690 2964 Seprtdura
703 2868 929 2960 Εωῐεεὶαὲίὶοα,
944 2885 977 2943 et
990 2876 1122 2943 Titulus
1136 2877 1280 2944 ultimus.

209 2981 355 3048 Decretis
367 3004 463 3069 super
476 2980 576 3047 altare
589 2981 703 3069 positis
724 2980 837 3047 Patres
854 2981 993 3047 Consilii
1007 2980 1076 3046 bini
1091 2989 1123 3046 et
1136 2981 1206 3046 bini
1220 2982 1298 3048 hino
1311 2981 1403 3048 illine

163 3085 345 3153 soosdentes
358 3085 511 3151 lubentur
523 3085 785 3171 subscripserunt.
830 3084 875 3149 In
888 3085 1033 3151 veritatis
1052 3087 1284 3150 attestationem
1305 3085 1402 3152 docu-

165 3198 310 3255 mentum
340 3189 471 3255 demum
492 3188 722 3274 subsignarunt
743 3187 882 3255 Consilii
911 3187 1163 3271 Protonotariirs,
1185 3188 1350 3255 Secretarii
1371 3196 1402 3254 et

165 3292 368 3365 Canoellarii.
548 3304 550 3308 “

209 3397 309 3462 Lecto
322 3395 438 3462 deinde
459 3396 587 3461 Decreto
600 3397 639 3461 de
651 3397 776 3482 Synodo
790 3397 1009 3479 musam,
1025 3395 1188 3461 Diaeonus
1210 3396 1401 3484 responden-

164 3500 253 3566 tibus
267 3498 485 3586 Synodalibus
498 3501 639 3565 cantavit
649 3509 832 3586 sequentes:

498 3751 502 3760 ’
567 3746 571 3752 ’
660 3774 916 3839 neumam.

214 3966 339 4032 maror.
368 3965 592 4032 Sanctissimae
612 3974 644 4029 et
668 3963 867 4031 Individuae
896 3965 1061 4049 Trinitati3
1082 3976 1210 4031 aeterna
1237 3965 1342 4052 gloria
1369 3975 1401 4031 et

164 4071 343 4157 gratiarum
356 4071 449 4136 satie.

214 4173 348 4239 Chorus.
378 4173 527 4240 Charitas
555 4173 661 4255 Pater,
684 4171 798 4237 Gratia
827 4171 945 4255 Filius,
976 4173 1231 4238 Communioatio
1260 4172 1401 4259 Spiritus

165 4277 312 4359 Sanetus,
327 4275 359 4342 O
374 4276 473 4342 Beata
486 4277 639 4342 Trinitas.

214 4381 304 4447 Oant.
334 4380 540 4446 Beatissimae
560 4379 694 4462 Mariae,
716 4380 758 4445 ob
779 4381 926 4466 praevisa
947 4379 1027 4445 Filii
1049 4380 1099 4454 sui
1121 4381 1235 4446 merita
1248 4382 1289 4445 ab
1303 4381 1401 4467 origi-

167 4485 233 4550 nali
264 4485 335 4550 labe
363 4494 589 4572 praeservatae,
612 4483 727 4548 harum
753 4482 1005 4548 Foederatorum
1027 4483 1274 4549 Provinciarum
1299 4484 1401 4548 almse

167 4588 334 4671 Patronae,
350 4588 421 4653 laus
441 4596 473 4652 et
486 4588 658 4653 veneratio.
