3142 5242
470 449 525 494 nn
554 449 699 495 ouans
735 448 1091 494 nrrscornnraus.
1338 427 1397 491 171

166 629 401 703 magnopere
418 603 580 678 interest
599 611 619 645 “
632 604 673 678 in
690 602 955 679 ecclesiasticis
971 603 1131 702 judiciis
1149 628 1234 677 eam
1253 601 1399 676 metho-

166 722 261 795 dum
292 720 451 815 servari,
480 747 581 820 quae
607 727 648 796 et
672 727 894 819 temporum
924 718 1227 795 circumstantiis
1260 742 1399 818 oppor-

167 845 259 912 tune
289 840 533 934 respondeat,
562 845 601 913 et
635 836 806 936 regulari
833 835 1013 936 justitiae
1046 834 1399 927 administrationi3

167 977 314 1027 necnon
359 952 630 1029 Praelatorum
672 952 893 1029 auctoritati
934 955 1113 1045 tuendae,
1157 952 1400 1052 querelisque

165 1094 320 1143 reorum
351 1071 627 1168 praecavendis
657 1095 730 1169 par
755 1070 915 1146 omnino
943 1069 1030 1145 sit.’'
1082 1070 1161 1145 Cur
1188 1068 1329 1145 deinde
1357 1067 1398 1142 in

166 1185 331 1283 singulis
348 1187 585 1262 dioecesibus
608 1188 782 1263 tribunal
805 1186 1105 1263 ecclesiasticum
1129 1212 1201 1287 pro
1218 1185 1399 1260 omnibus

164 1301 291 1376 causis
316 1303 670 1379 matrimonialibus
695 1303 978 1379 instituendum
1003 1306 1247 1396 mandamus,
1273 1327 1398 1377 ncces·

165 1417 292 1493 sitatis
317 1418 418 1494 ratio
436 1419 561 1496 Nobis
578 1422 740 1496 offertur
764 1420 870 1497 hisce
885 1420 1016 1495 verbis
1034 1418 1236 1495 Benedicti
1262 1419 1397 1494 XIV.:

166 1534 257 1610 “Ut
285 1535 326 1610 in
358 1536 430 1611 hoc
458 1536 692 1636 gravissimo
719 1535 958 1637 judiciorum
991 1562 1143 1636 genere,
1172 1536 1214 1612 in
1246 1562 1321 1636 quo
1352 1538 1400 1610 de

164 1676 273 1726 sacro
293 1653 574 1729 connubiorum
594 1654 749 1729 foedere
769 1652 909 1753 agitur,
927 1653 1095 1753 pleniori
1116 1652 1293 1728 veritatis
1319 1653 1398 1727 elu-

164 1767 349 1844 cidationi
365 1772 672 1865 consuleremus;
694 1779 813 1871 utque
825 1796 840 1870 J
847 1771 976 1846 udices
993 1797 1071 1845 non
1089 1769 1173 1846 sine
1186 1769 1401 1846 certissima

163 1885 384 1983 cognitione
416 1887 604 1981 omnium,
635 1913 735 1986 quae
768 1889 820 1962 ad
852 1913 936 1962 rem
971 1886 1141 1962 maxime
1169 1888 1400 1980 conducunt,

165 2001 389 2100 hujusmodi
406 2003 606 2078 vinculum
627 2030 675 2079 ex
693 2011 754 2080 tot
773 2003 989 2079 rationibus
1010 2003 1228 2095 insolubile,
1248 2010 1399 2078 senten·

163 2116 230 2191 tiis
260 2117 341 2193 suis
370 2126 558 2220 tanquam
587 2120 743 2195 irritum
775 2121 824 2195 ab
852 2120 965 2194 initio
994 2119 1286 2195 dissolverent.”
1343 2121 1401 2217 (Si

165 2234 314 2330 Dolum,
330 2235 358 2310 4
374 2237 493 2313 Mart.
512 2237 651 2337 1748.¹)

214 2353 301 2428 298.
329 2352 495 2428 Interim
513 2379 617 2449 vero,
635 2355 823 2454 quamdiu
847 2381 894 2430 ex
917 2354 1205 2454 dispensatione
1228 2354 1265 2430 S.
1288 2352 1398 2429 Sedis

163 2468 272 2543 curia
288 2467 331 2544 in
349 2469 481 2568 aliqua
496 2469 662 2546 dioecesi
679 2470 888 2546 constituta
912 2496 990 2546 non
1012 2478 1083 2568 est,
1101 2471 1183 2545 illic
1199 2468 1398 2545 observari

165 2586 280 2660 debet
293 2585 502 2662 instructio
516 2588 566 2662 de
578 2586 861 2663 Commissione
877 2586 1221 2686 Investigationis,²
1234 2587 1285 2662 20
1301 2587 1326 2660 J
1329 2586 1398 2661 ulii

167 2702 237 2778 187
241 2703 276 2792 8,
293 2728 382 2777 cum
399 2703 651 2802 responsione
673 2702 923 2803 subsequenti
946 2705 997 2779 ad
1019 2703 1220 2803 proposita
1235 2702 1400 2794 dubia3⁸

165 2842 314 2892 necnon
339 2844 387 2894 ea
408 2844 508 2918 quae
529 2818 603 2895 hac
625 2821 675 2895 de
696 2845 739 2895 ro
762 2819 804 2895 in
826 2819 1052 2918 nuperrima
1075 2819 1337 2894 Instructione
1359 2819 1397 2893 S.

165 2934 484 3034 Congregationis
513 2937 563 3011 de
584 2937 711 3035 ⁴Prop.
739 2936 837 3012 Fide
865 2961 983 3035 super
1009 2935 1237 3010 clericorum
1263 2960 1398 3010 causas

164 3048 461 3148 discrplinares⁴
478 3053 639 3127 articulo
658 3074 748 3143 xri,
767 3060 962 3127 notantur.

619 3476 834 3550 CAPUT
873 3477 944 3550 ΙΙ.

347 3659 410 3733 Dn
437 3660 728 3734 Orrrcranraus
754 3659 915 3733 Ouarna
942 3660 1217 3734 Errscornnrs

334 3829 403 3921 §L
451 3827 498 3898 Ic
527 3826 648 3898 Caucis
674 3825 976 3923 Disciplinambus
1005 3827 1229 3900 Clericorcm.

214 3993 300 4065 299.
335 3992 402 4066 Ad
419 3991 606 4089 majorem
624 3990 696 4065 hac
713 3989 754 4064 in
772 4016 815 4066 rc
831 3990 1064 4090 gravissima
1081 3990 1397 4089 perspicuitatem

164 4108 484 4205 promovendam,
502 4105 687 4181 Patribus
704 4107 833 4181 visum
851 4114 920 4200 est,
938 4106 1114 4204 singulos
1136 4107 1266 4183 curiae
1282 4109 1397 4183 offici·

164 4223 245 4296 ales
273 4230 314 4298 et
341 4223 527 4321 cujusque
562 4222 685 4296 officia
713 4246 953 4314 enumerare,
979 4222 1194 4296 observatis
1225 4223 1398 4298 articulis

165 4337 438 4414 Instructionis
456 4340 571 4413 modo
587 4337 737 4413 citatae.

199 4503 295 4571 ¹Apud
307 4504 406 4570 muci,
418 4505 437 4557 1.
449 4523 479 4571 a,
491 4523 517 4573 p.
528 4506 585 4557 411.
869 4505 1265 4574 ‘Videinnppeudiccprsu

199 4585 294 4654 'Ictu
306 4605 333 4656 p.
344 4596 401 4648 296.
869 4589 1068 4656 ⁴1ou.,p.287.
