3142 5242
544 496 599 542 na
628 496 1027 554 ounsr-nonrroraro.
1341 479 1403 544 257

169 651 363 738 quisitorum
395 652 602 718 Generalium
632 676 651 718 a
679 663 711 718 te
738 654 890 741 peculiari
920 654 1016 719 modo
1044 654 1279 741 exquirendum
1314 677 1405 718 man-

169 752 272 839 davit,
287 765 398 821 utrum
419 756 567 843 expediat
587 756 757 840 declarare,
772 757 947 823 Ecclesiam
968 780 1176 845 praesumere,
1191 767 1342 822 neutrum
1363 781 1403 822 ex

171 857 247 942 illis,
261 860 319 947 qui
333 882 351 925 e
365 859 434 925 loco
448 861 617 926 discedunt
629 862 686 927 ubi
701 862 891 927 Tridentina
910 861 964 926 lex
978 862 1077 949 viget,
1092 861 1240 926 habuisse
1252 861 1404 928 volunta·

170 971 235 1026 tem
256 964 464 1049 permanendi
484 964 527 1029 ad
548 966 702 1030 maiorem
723 966 800 1031 unni
821 976 954 1053 partem,
970 965 1104 1053 ideoque
1122 988 1179 1029 nec
1192 965 1404 1052 quasi-domi-

170 1066 281 1131 cilium
294 1068 476 1156 acquisiisse
497 1070 532 1134 in
554 1069 624 1135 loco
645 1070 703 1135 ubi
717 1093 754 1135 ea
768 1069 822 1135 lcx
836 1094 902 1135 non
917 1071 1025 1158 viget:
1047 1080 1079 1136 et
1093 1092 1190 1156 quam
1205 1069 1403 1136 voluntatem

170 1169 253 1236 forte
281 1172 400 1238 iactant
427 1196 494 1239 esse
522 1174 714 1258 simulatam,
740 1183 773 1240 ct
802 1175 1042 1240 matrimonium
1070 1173 1158 1262 quod
1187 1174 1403 1239 contraxerint

169 1297 235 1340 esse
259 1275 463 1343 invalidum:
492 1279 556 1342 nisi
582 1277 644 1364 ipsi
669 1278 723 1346 vel
747 1279 900 1344 alteruter
923 1301 1034 1344 eorum
1060 1277 1234 1343 Ordinatio
1260 1276 1321 1342 loci
1346 1277 1403 1342 ubi

168 1379 411 1445 matrimonium
431 1382 631 1446 contrahitur
652 1382 705 1448 vel
726 1383 795 1447 eius
815 1382 960 1469 delegato
981 1405 1015 1447 se
1035 1381 1183 1464 stiteriut,
1205 1391 1237 1447 et
1258 1403 1404 1466 compro-

168 1482 244 1548 bata
257 1484 351 1548 sicuti
373 1508 432 1571 par
446 1496 494 1551 est
514 1486 566 1551 sui
586 1495 688 1551 status
709 1486 864 1565 libertate,
878 1487 1023 1551 animum
1046 1486 1165 1551 ibidem
1184 1485 1403 1550 commorandi

168 1586 209 1651 ad
246 1589 400 1654 maiorem
436 1590 514 1654 anni
549 1599 672 1676 partem
708 1590 933 1656 concludenter
960 1589 1270 1671 demonstraverint;
1306 1597 1344 1653 ut
1375 1588 1403 1652 si

168 1692 242 1778 quis
262 1714 313 1759 ex.
328 1717 378 1780 gr.
393 1692 617 1759 concludenter
635 1695 749 1781 probet
770 1717 804 1759 se
823 1693 865 1759 ad
887 1718 944 1760 sex
966 1717 1088 1759 menses
1102 1693 1155 1760 vel
1177 1692 1310 1758 domum
1328 1715 1404 1757 ccu-

168 1795 299 1861 duxisse
312 1797 366 1863 vel
387 1821 517 1885 operam
537 1822 629 1864 suam
650 1798 737 1885 apud
758 1799 899 1886 aliquem
922 1798 1048 1882 locasse,
1064 1798 1099 1863 iu
1118 1820 1217 1884 eaque
1230 1820 1265 1862 re
1279 1796 1402 1861 nullam

168 1922 234 1965 esse
259 1899 405 1967 fraudem
427 1902 493 1967 duc
518 1902 612 1990 probi
636 1902 781 1968 homines
805 1904 875 1968 sive
897 1903 961 1969 viri
987 1903 1038 1968 illi
1064 1902 1129 1968 sint
1153 1902 1222 1967 sive
1247 1901 1404 1967 foeminae

167 2013 323 2070 testentur
335 2031 345 2088 ;
373 2006 426 2072 vel
456 2007 484 2072 si
513 2007 582 2072 sola
609 2008 706 2072 etiam
735 2005 920 2081 huiusmodi
948 2007 1079 2072 testium
1108 2006 1187 2071 fides
1215 2004 1402 2088 adducatur,

168 2108 225 2195 qui
246 2110 366 2175 scilicet
387 2111 505 2177 Curiae
526 2111 699 2198 episcopali
719 2110 774 2177 vel
799 2112 867 2177 eius
890 2109 1037 2198 delegato
1058 2110 1157 2197 probe
1178 2109 1298 2196 cogniti
1326 2109 1401 2192 sint,

168 2213 289 2300 quique
309 2216 520 2301 profiteantur
539 2216 687 2281 scientiae
707 2238 835 2280 eausam
856 2214 1021 2281 offerentes
1035 2213 1097 2279 sibi
1111 2223 1225 2279 notum
1238 2236 1313 2297 esse,
1328 2236 1402 2278 eum

167 2314 208 2381 de
228 2340 294 2405 quo
314 2319 423 2405 agitur
436 2342 512 2385 vere
532 2319 715 2406 sincereque
728 2305 836 2384 'tinum
853 2318 979 2403 habere,
994 2340 1050 2383 sex
1064 2317 1177 2382 saltem
1193 2318 1353 2382 mensibus
1368 2317 1402 2380 in

168 2420 279 2487 ecdem
294 2421 363 2488 loco
377 2423 577 2507 commorari,
592 2422 647 2489 vel
660 2422 799 2510 denique
811 2422 876 2488 alia
889 2422 977 2488 hisce
990 2421 1110 2487 similia
1122 2420 1306 2505 afferantur,
1322 2443 1403 2507 quae

167 2548 227 2612 pro
241 2526 443 2592 concludenti
457 2528 645 2615 probatione
660 2527 696 2592 in
710 2526 838 2593 iudiciis
851 2525 979 2592 admitti
993 2527 1106 2592 solent.

211 2629 311 2710 Quod
331 2629 360 2696 si
381 2631 536 2718 gravibus
558 2631 641 2696 forte
661 2631 840 2696 rationibus
860 2630 897 2696 id
918 2629 1067 2695 futurum
1087 2630 1258 2695 observatu
1273 2629 1403 2694 difficile

167 2733 220 2800 vel
234 2745 409 2823 utcumque
422 2736 530 2801 minus
543 2745 762 2822 opportunum
775 2736 837 2800 tibi
851 2733 1030 2822 persuades,
1044 2742 1124 2799 tunc
1137 2734 1402 2799 considerandum

166 2861 294 2926 quoque
315 2840 515 2926 proponitur,
531 2848 642 2904 utrum
663 2839 821 2925 expediat,
843 2847 881 2903 ut
902 2838 936 2903 in
957 2838 1035 2904 locis
1056 2839 1114 2903 ubi
1134 2837 1280 2903 contrahi
1301 2838 1403 2902 solent

168 2943 383 3026 matrimonia,
398 2967 480 3030 quae
500 2952 550 3009 tot
570 2951 724 3031 tantaque
744 2944 876 3030 pariunt
890 2942 1100 3025 incommoda,
1115 2951 1148 3007 et
1161 2941 1353 3006 nominatim
1367 2941 1402 3005 iu

166 3047 291 3134 Anglia
311 3048 373 3113 rite
393 3048 575 3134 publicetur
602 3047 764 3113 decretum
787 3046 926 3114 Consilii
954 3045 1138 3112 Tridentini
1171 3046 1301 3111 Tametsi
1327 3068 1402 3111 sess.

166 3169 285 3235 xxm,
299 3174 326 3217 c.
345 3154 362 3217 1
379 3152 418 3216 dc
430 3151 522 3237 refer.
536 3159 639 3236 auctr,
654 3152 700 3217 ita
720 3161 827 3217 tamen
848 3161 887 3217 ut
907 3150 1030 3238 obliget
1049 3149 1221 3217 catholicos
1234 3150 1404 3215 dumtaxat

166 3254 250 3319 inter
270 3278 305 3320 se
326 3255 554 3339 contrahentes,
569 3253 840 3342 quemadmodum
854 3264 1000 3321 servatur
1014 3253 1049 3318 in
1065 3254 1105 3319 iis
1118 3253 1197 3319 locis
1210 3252 1252 3318 ad
1267 3276 1348 3341 quae
1361 3253 1403 3318 ab

166 3358 354 3445 Apostolica
375 3359 456 3425 Sede
476 3369 608 3424 extensa
628 3357 693 3423 suit
713 3357 885 3423 declaratio
906 3357 992 3423 edita
1017 3379 1102 3423 anno
1125 3358 1208 3423 1741
1234 3380 1254 3422 a
1277 3379 1403 3422 summo

166 3461 322 3527 Pontifioe
336 3462 509 3528 Benalictc
524 3462 632 3531 XIV.
647 3485 707 3550 pro
722 3461 911 3528 Hollandia.

210 3566 277 3631 Fac
292 3566 401 3652 igitur,
413 3575 450 3631 ut
463 3565 608 3632 adhibita
617 3588 745 3654 quoque
758 3565 786 3631 si
800 3565 891 3631 lubet
901 3567 1130 3654 praestantium
1140 3567 1286 3632 virorum
1297 3588 1403 3653 opera,

165 3670 225 3736 hac
246 3671 282 3735 in
303 3694 338 3736 re
358 3693 434 3736 sane
447 3670 638 3758 gravissima
651 3670 792 3737 studiose
805 3669 988 3758 indaganda
1000 3669 1112 3736 sedulo
1126 3671 1270 3751 verseris,
1287 3679 1318 3734 et
1332 3693 1403 3734 sen-

164 3775 298 3844 tentiam
321 3774 437 3840 deinde
457 3784 547 3840 tuam
569 3775 688 3862 scripto
709 3773 818 3840 tradas
840 3774 986 3861 mihique
1006 3774 1227 3839 communices.
1281 3773 1351 3838 Nec
1371 3782 1402 3839 te

164 3879 272 3966 pigeat
285 3879 384 3944 simul
397 3879 558 3945 enucleate
571 3880 733 3944 rationum
744 3888 906 3944 momenta
919 3901 1077 3965 exponere
1087 3878 1205 3965 quibus
1218 3876 1260 3942 ad
1275 3901 1311 3942 ea
1321 3901 1402 3965 quae

165 3983 218 4049 hic
231 3983 293 4049 tibi
307 3993 532 4070 proponuntur
543 3983 612 4050 sive
624 3982 821 4049 admittenda
831 3984 900 4048 sive
910 3982 1109 4048 excludenda
1123 3982 1222 4047 fueris
1235 3982 1400 4049 adductus.

208 4087 286 4153 Non
307 4086 484 4171 dubitatur,
506 4088 586 4174 quin
612 4087 696 4152 nihil
721 4088 765 4153 sis
789 4086 1079 4174 praetermissurus,
1101 4109 1168 4174 quo
1192 4086 1255 4152 hcc
1283 4108 1401 4151 munus

165 4190 225 4256 tibi
246 4213 267 4256 a
295 4189 468 4283 §motitate
495 4189 562 4257 Sua
589 4190 817 4256 demandatum
845 4190 956 4255 sedulo
984 4189 1188 4277 celeriterque
1224 4190 1400 4276 exequaris.

165 4293 303 4359 Interim
318 4294 423 4360 fausta
436 4303 549 4360 cuncta
562 4318 599 4360 ac
613 4294 717 4360 felicia
731 4294 791 4359 tibi
811 4316 922 4380 precor
934 4316 954 4357 a
969 4293 1049 4360 Deo.

209 4398 333 4463 Rornae
346 4397 398 4463 die
413 4397 433 4464 7
450 4398 541 4463 Iunii
557 4400 653 4464 1867.

514 4503 752 4589 Amplitudinis
767 4503 856 4568 Tuae

712 4605 963 4672 Addictissimus
977 4608 1026 4673 uti
1041 4608 1140 4674 frater

815 4706 817 4712 ’
995 4711 1033 4779 C.
1056 4712 1170 4778 Cano.
1194 4712 1356 4778 Parnm.

1276 4840 1528 4904 Α
