3142 5242
218 458 261 521 34
327 473 512 519 TITULUS
542 472 705 519 11.—1>E
734 470 944 517 Psnsorus
974 468 1340 517 sccuusrnsrms·

218 630 430 703 dummodo
465 628 575 727 prius
610 628 658 702 (16
700 626 815 701 titulo
851 625 1034 700 canonico
1078 623 1152 700 sibi
1195 623 1450 724 providerint.

218 744 383 835 Quodsi
401 748 606 819 assumunt
629 742 789 818 titulum
816 741 1024 834 missionis,
1043 741 1160 816 simul
1180 740 1451 839 juramentum

218 859 381 936 dioecesi
399 868 586 959 perpetuo
603 857 844 933 inserviendi
861 865 1059 956 praestare
1076 864 1268 933 tenentur.
1316 856 1450 955 (Iustr.

218 977 256 1051 S.
274 974 314 1052 O.
332 976 408 1069 cit,
430 1000 468 1051 n.
488 978 564 1074 12)

267 1095 328 1168 66.
355 1091 655 1192 Praesumptam
672 1091 1020 1166 incardinationem
1037 1090 1172 1166 haberi
1198 1091 1451 1181 declaramus,

218 1208 252 1285 si
270 1208 486 1307 Episcopus
511 1208 644 1307 elapso
669 1207 838 1283 triennio
856 1207 919 1282 vel
945 1206 1160 1305 respectivo
1186 1205 1451 1306 quinquennio

217 1324 469 1425 probationis,
484 1332 613 1399 actum
628 1323 901 1421 adscriptionis
919 1323 1124 1398 formalem
1142 1318 1340 1397 omiserit(
1376 1320 1451 1412 Qui

218 1441 324 1517 enim
348 1465 393 1516 eo
420 1441 552 1538 elapso
576 1447 764 1539 ternpore,
790 1438 972 1514 clericum
998 1438 1066 1538 qui
1097 1437 1259 1514 dioecesi
1286 1436 1452 1513 adscribi

218 1557 394 1658 petierat,
429 1581 499 1632 nec
532 1555 751 1631 formaliter
784 1554 959 1630 admittit
993 1579 1062 1630 nec
1096 1554 1303 1630 admittere
1336 1554 1452 1653 plane

219 1673 436 1774 disertoque
452 1680 614 1764 recusat,
628 1673 718 1771 jure
743 1671 1008 1771 praesumitur
1025 1671 1285 1770 adscripsisse.
1339 1671 1452 1762 Quod

218 1789 376 1889 quidem
394 1790 499 1864 valet
522 1789 642 1865 etiam
659 1814 731 1888 pro
749 1787 939 1862 ordinatis
956 1789 1072 1863 titulo
1090 1787 1298 1882 missionis,
1317 1812 1392 1887 quo
1410 1785 1452 1861 in

217 1930 309 1981 casu
327 1931 343 2005 J
351 1913 596 1980 uramentum
623 1904 853 2005 praestitum
879 1903 919 1978 in
938 1904 1067 1979 aliena
1083 1903 1258 1997 dioecesi,
1276 1911 1453 1979 censetur

217 2047 290 2121 pro
320 2047 421 2097 nova
451 2046 533 2096 esse
563 2022 811 2097 servandum.
865 2020 976 2095 Idem
1002 2021 1108 2096 valet
1135 2017 1189 2095 de'
1208 2020 1452 2119 regularibus

218 2140 333 2213 modo
358 2163 434 2237 quo
461 2137 607 2213 dictum
634 2143 693 2212 est
717 2137 1015 2230 saecularizatis‚
1034 2137 1100 2236 qui
1126 2135 1389 2212 consentiente
1413 2137 1450 2211 S.

218 2254 524 2353 Congregatione
567 2256 617 2329 ad
652 2253 960 2352 experimentum
1003 2252 1164 2333 admissi
1207 2258 1310 2329 suut.
1380 2252 1452 2328 Isti

218 2369 390 2446 enimin
417 2370 489 2445 hoc
514 2395 605 2445 casu
632 2368 795 2445 dioecesi
819 2369 934 2444 titulo
961 2369 1158 2445 missionis
1185 2369 1275 2462 (nisi
1302 2371 1351 2445 de
1376 2368 1452 2445 alio

217 2486 333 2561 titulo
359 2486 542 2561 canonico
573 2484 648 2561 sibi
677 2485 936 2585 providerint)
966 2485 1152 2585 adscripti
1183 2511 1266 2561 esse
1296 2511 1451 2585 praesu·

218 2610 389 2695 muntur,
420 2601 636 2701 iisdemque
665 2608 847 2677 tenentur
877 2601 1178 2701 obligationibus
1209 2602 1315 2677 acsi
1344 2602 1450 2701 jura·

218 2725 394 2793 mentum
420 2718 703 2818 praescriptum
728 2742 866 2793 revera
891 2718 1136 2793 emisissent¹

268 2836 326 2910 67.
363 2833 617 2909 Declaramus
659 2858 776 2932 porro
811 2836 1060 2927 sacerdotem,
1095 2834 1177 2910 sive
1212 2837 1263 2911 ad
1301 2844 1451 2910 nostras

217 2949 437 3049 provincias
480 2949 684 3049 pertineat,
714 2949 796 3025 sive
830 2975 877 3025 ex
911 2950 1070 3049 Europa
1100 2951 1308 3026 aliundeve
1338 2954 1451 3026 adve-

219 3065 330 3160 nerit,
348 3066 422 3140 etsi
439 3092 463 3141 a
480 3066 638 3165 proprio
656 3091 725 3141 suo
744 3066 938 3165 Episcopo
965 3067 1099 3141 literas
1125 3067 1452 3166 excorporationis

223 3183 374 3281 (Exeat)
402 3182 570 3281 jamjam
599 3181 822 3277 obtinuerit,
853 3209 877 3258 a
907 3182 1062 3258 vinculo
1097 3183 1383 3259 communionis
1415 3190 1452 3258 et

218 3298 466 3395 subjectionis
483 3323 577 3396 erga
593 3296 724 3395 ipsum
741 3299 915 3374 solutum
941 3299 1077 3374 haberi
1094 3325 1172 3374 uon
1190 3324 1315 3398 posse,
1333 3302 1452 3374 donec

218 3413 330 3489 alteri
349 3413 512 3489 dioecesi
529 3413 592 3489 vel
613 3415 830 3489 formaliter
847 3415 909 3490 vel
928 3416 1218 3515 praesumptive
1235 3416 1452 3513 adscriptus

218 3530 290 3623 sit3
325 3530 530 3629 simulque,
557 3529 591 3604 si
617 3532 667 3605 de
691 3530 847 3605 formali
874 3532 1137 3631 adscriptione
1161 3538 1312 3630 agatur,
1339 3530 1451 3630 Epis·

217 3671 336 3744 copus
353 3647 535 3745 proprius
553 3648 602 3721 de
619 3672 665 3721 ea
682 3654 838 3746 peracta
855 3648 1122 3723 authenticum
1140 3648 1334 3722 monitum
1352 3673 1451 3722 acce·

218 3763 330 3862 perit.
371 3762 469 3860 Ejus
486 3764 591 3837 enim
603 3762 824 3861 jurisdictio
842 3764 884 3837 in
902 3766 1141 3839 sacerdotem
1159 3772 1314 3839 tantum
1331 3772 1454 3839 cessat

218 3879 423 3977 posthanc
440 3877 706 3953 monitionem.
751 3867 890 3978 ltaque
908 3880 1151 3956 declaramus
1167 3880 1302 3955 literas
1319 3881 1451 3968 dimis-

218 3994 377 4069 soriales
408 3993 659 4092 quantumvis
693 3995 962 4070 dimissionem
997 4021 1066 4072 seu
1099 3996 1453 4072 excandinationem

218 4111 375 4208 plenam
392 4118 433 4184 et
449 4110 668 4184 absolutam
686 4110 890 4185 enuntiare
907 4112 1126 4205 videantur,
1145 4137 1261 4187 sensu
1278 4113 1451 4210 exposito

217 4225 491 4324 intelligendas
533 4251 629 4319 esse,
665 4233 747 4301 “ue
781 4226 865 4300 ovis
899 4228 1010 4325 quasi
1053 4229 1207 4328 perdita
1240 4235 1281 4303 et
1319 4253 1452 4302 errans

218 4340 473 4416 inveniatur.’'
531 4342 585 4440 (C.
616 4345 649 4435 1,
677 4342 765 4417 dist.
785 4342 861 4441 72.)
917 4344 1042 4418 Simul
1069 4345 1311 4420 decernimus
1337 4345 1451 4443 quod,

218 4456 316 4532 sicut
341 4458 473 4532 nullus
500 4460 675 4532 sacerdos
702 4466 854 4533 exterus
881 4459 921 4533 in
946 4460 1151 4536 dioecesim
1177 4461 1452 4535 adscribendus

251 4622 339 4675 ¹Vide
351 4624 439 4675 Dubia
450 4623 483 4675 de
494 4623 631 4676 Ordinatis
642 4624 732 4676 Titulo
744 4624 886 4691 1111631οηί6,
899 4627 928 4677 in
941 4627 1090 4695 Appmdice,
1103 4645 1129 4695 p.
1137 4632 1194 4684 209.
