3142 5242
551 964 896 1071 rlrULUs
943 964 1013 1068 X.

451 1204 514 1307 De
543 1204 575 1306 J
577 1202 741 1306 udiciis
773 1204 1114 1309 Ecclesiastieis.

636 1599 853 1673 CAPUT
888 1600 925 1672 Ι.

314 1766 378 1841 Dn
405 1766 548 1840 Cunus
574 1765 895 1839 Errseornnmus
921 1766 1258 1843 Cousrrruan’ms.

212 1934 298 2009 297.
326 1932 439 2021 Quod
464 1933 605 2007 Sancta
630 1932 748 2005 Sedes
766 1930 834 2006 diu
859 1931 901 2006 in
925 1932 1027 2007 rotis
1052 1932 1201 2026 habuit,
1219 1938 1395 2035 quodque

163 2048 246 2125 Nos
270 2074 424 2148 quoque
447 2056 530 2123 toto
555 2049 669 2123 eorde
695 2047 972 2139 desideramus,
997 2048 1162 2123 scilieet:
1191 2058 1237 2125 ut
1262 2053 1394 2126 modus

161 2165 364 2265 regiminis
382 2164 578 2240 Ecclesiae
599 2164 673 2239 Dei
698 2162 741 2239 in
766 2162 828 2239 his
853 2163 1077 2262 regionibus
1102 2165 1195 2264 plus
1220 2167 1395 2242 minusve

161 2281 403 2382 provisorius
437 2308 481 2356 ac
523 2279 674 2379 legibus
716 2280 949 2379 specialibus
991 2306 1063 2380 pro
1097 2282 1394 2380 particularibus

161 2423 293 2474 rerum
318 2406 359 2473 et
383 2399 556 2472 locorum
583 2397 775 2495 adjunctis
801 2397 1036 2490 efformatus,
1055 2397 1097 2473 in
1114 2406 1263 2473 statum
1280 2398 1394 2474 firmi·

163 2540 270 2591 orem
297 2541 342 2590 ac
369 2514 446 2613 legi
474 2512 671 2589 communi
700 2514 824 2612 magis
850 2514 1088 2589 conformem
1115 2521 1303 2608 transeat,
1329 2515 1397 2591 hoc

164 2640 435 2730 praeterquam
477 2630 519 2705 in
562 2629 651 2704 aliis
685 2628 914 2727 disciplinae
955 2630 1159 2727 capitibus,
1195 2632 1317 2707 etiam
1358 2632 1395 2707 in

163 2748 188 2822 J
191 2747 328 2822 udiciis
362 2746 643 2822 Ecclesiastieis
685 2745 936 2820 instituendis
979 2747 1133 2845 assequi
1167 2746 1253 2823 Nos
1288 2774 1396 2848 posse

162 2890 372 2939 censemus.
439 2864 576 2961 ltaque
607 2870 628 2905 “
641 2869 686 2937 ut
715 2861 920 2960 unicuique
943 2862 1010 2961 jus
1040 2888 1156 2937 suum
1186 2867 1397 2963 aequaliter

163 2983 372 3073 reddatur;
409 2988 454 3055 ut
480 2979 725 3077 negotiorum
755 2986 795 3053 et
823 3005 1039 3071 causarum,
1067 2980 1237 3078 quaein
1272 2984 1294 3027 '³‘
1327 2984 1348 3028 *²

162 3098 269 3171 curia
289 3103 519 3187 tractantur,
537 3095 829 3169 ordinatissima
851 3096 951 3169 ratio
969 3104 1133 3188 constet3
1158 3099 1397 3198 sublatisque

163 3238 294 3288 rerum
326 3212 617 3288 confusionibus
659 3218 700 3285 et
737 3212 863 3285 noxiis
897 3211 1162 3306 dilationibus,
1191 3213 1396 3312 judiciales

161 3328 446 3404 controversiae
471 3354 549 3403 non
576 3327 707 3402 minus
732 3335 892 3420 rectum,
918 3353 1037 3426 quam
1062 3329 1290 3427 expeditum
1315 3356 1395 3405 cur·

162 3472 249 3521 sum
267 3453 307 3520 et
322 3448 440 3520 linem
466 3445 701 3520 obtineant”
725 3444 885 3541 (Bened.
905 3444 1020 3521 XIV.
1039 3445 1217 3521 Juslitice
1233 3455 1271 3522 et
1279 3452 1395 3547 pacis,

162 3565 188 3638 4
213 3564 295 3638 Oct.
315 3562 445 3659 1746),
471 3561 680 3636 statuimus
706 3586 750 3635 ae
775 3560 935 3635 omnino
961 3560 1263 3660 praescribimus
1289 3563 1395 3639 utin

162 3678 326 3777 singulis
378 3685 600 3752 nostrarum
647 3677 936 3776 provinciarum
983 3677 1223 3753 dioecesibus
1270 3680 1396 3755 curiae

163 3795 414 3894 Episcopalcs
431 3793 722 3892 quamprimum
740 3792 1035 3884 constituantur,
1053 3794 1116 3868 vel
1135 3795 1277 3871 saltem
1296 3798 1396 3871 ultra

162 3912 374 3987 triennium
400 3917 490 4009 post
514 3909 676 3984 Concilii
702 3910 1054 4008 promulgationem
1080 3910 1176 3985 haec
1200 3913 1395 3987 curiarum

161 4027 384 4103 constitutio
411 4052 489 4100 non
516 4025 718 4101 differatur
743 4025 827 4099 sine
852 4027 890 4100 S.
913 4026 1051 4124 Congr.
1079 4028 1129 4101 de
1155 4026 1273 4126 Prop.
1302 4030 1396 4103 Fide

162 4143 449 4244 dispensatione
474 4142 686 4216 obtinenda
710 4168 782 4240 pro
801 4141 1038 4217 dioecesibus
1062 4142 1267 4241 inquibus
1292 4145 1395 4220 intra

161 4263 233 4335 hoc
248 4268 403 4357 tempus
420 4259 463 4334 id
489 4258 570 4333 fieri
597 4266 770 4356 nequeat.
825 4259 888 4332 lta
905 4283 1072 4357 namque
1089 4259 1131 4333 in
1148 4262 1266 4335 rebus
1285 4263 1393 4337 disci·

161 4377 378 4477 plinaribus
412 4375 638 4450 clericorum
681 4375 894 4449 tractandis
928 4376 1069 4449 certius
1103 4377 1259 4452 eveniet
1293 4379 1395 4477 quod

159 4501 317 4591 exoptat
346 4494 383 4566 S.
413 4492 552 4588 Congr.
584 4492 632 4565 de
663 4491 780 4588 Prop.
814 4491 921 4584 Fide,
953 4492 1073 4589 cujus,
1106 4499 1150 4566 ut
1179 4495 1393 4591 profitetur,

292 4614 354 4675 170
