3142 5242
552 491 607 537 nr:
636 491 785 537 uronrs
814 490 864 536 ur
893 490 1028 538 ruurs.
1345 479 1408 541 135

170 648 300 745 gando
341 670 386 721 ac
424 645 700 722 catechismum
745 648 987 746 hymnosque
1030 671 1158 721 sacros
1201 649 1405 741 edocendo,

171 787 250 862 qua
282 762 433 837 ratione
475 764 595 837 durus
634 762 842 839 sacerdotis
877 761 989 837 labor
1021 762 1217 839 uberiores
1259 765 1407 840 fructus

170 880 316 955 afferet.

220 997 307 1072 241.
339 996 400 1070 Ex
426 996 627 1071 annalium
655 996 918 1072 monumentis
944 1021 1142 1072 sacrarum
1170 997 1405 1074 Missionum

170 1114 277 1209 apud
304 1111 508 1186 Americae
534 1113 857 1211 Septentrionalis
887 1112 1107 1211 aborigines
1136 1113 1303 1211 gloriam
1333 1113 1404 1188 im·

171 1229 376 1303 mortalem
407 1237 611 1303 consecuta
639 1236 699 1304 est
727 1229 794 1327 pia
825 1229 955 1303 Mater
984 1228 1167 1304 Ecclesia.
1231 1229 1282 1304 Et
1312 1255 1405 1305 sane

170 1344 320 1439 merito,
339 1344 532 1443 siquidem
549 1345 613 1420 vel
631 1371 656 1420 a
671 1345 812 1445 primis
835 1344 928 1419 novi
951 1344 1056 1419 orbis
1073 1346 1405 1443 explorationibus

169 1487 292 1561 usque
321 1462 372 1536 ad
403 1468 535 1536 nostra
564 1469 742 1561 tempora
770 1460 1050 1561 quamplurimi
1079 1461 1152 1537 filii
1181 1462 1265 1560 ejus
1294 1487 1404 1561 apos·

167 1579 338 1654 tolorum
369 1578 451 1653 zelo
480 1585 520 1655 et
548 1563 708 1653 caritate
735 1577 852 1678 ducti,
880 1577 1065 1676 gravibus
1095 1578 1292 1654 aerumnis
1321 1604 1403 1655 sus·

168 1694 290 1793 ceptis
324 1695 572 1794 evangelium
606 1694 716 1794 regni
748 1693 822 1769 Dei
856 1692 1047 1768 indefesse
1080 1695 1407 1792 praedicaverunt

168 1811 406 1911 pauperibus
452 1811 540 1887 istis
585 1811 771 1886 fratribus
819 1809 975 1903 nostris,
1024 1810 1170 1886 Christi
1216 1811 1405 1911 sanguine

167 1928 381 2027 redemptis
409 1928 616 2028 dignisque
641 1926 784 2003 Matris
812 1926 1007 2002 Ecclesiae
1032 1926 1291 2004 miseratione.

218 2045 304 2120 242.
342 2045 545 2143 imprimis
574 2044 707 2144 itaque
739 2049 899 2119 censent
927 2042 1064 2118 Patres
1093 2043 1320 2121 comitatum
1355 2047 1404 2121 ab

169 2160 299 2237 Illmo.
326 2169 365 2236 et
393 2161 504 2236 Rmo.
533 2160 836 2259 Archiepiscopo
862 2158 1141 2234 Baltimorensi
1169 2161 1221 2235 ad
1247 2186 1404 2237 causam

169 2277 360 2353 Indorum
384 2280 489 2377 apud
514 2276 756 2353 Gubernium
780 2277 972 2375 agendam
996 2301 1098 2350 auno
1123 2277 1223 2353 1874
1246 2277 1402 2354 iustitu-

166 2400 254 2470 tum
277 2419 324 2469 ea
346 2393 496 2469 ratione
512 2393 820 2469 continuandum
837 2417 932 2485 esse,
950 2399 995 2467 ut
1011 2392 1084 2486 sub
1101 2393 1403 2493 Archiepiscopo

167 2509 447 2586 Baltimorensi
476 2509 655 2610 praeside
683 2509 871 2584 consistat
898 2515 1065 2607 quatuor
1095 2508 1309 2609 Episcopis,
1336 2510 1403 2610 qui

166 2626 334 2727 singulis
359 2626 635 2727 quinquenniis
661 2626 712 2700 ab
741 2625 791 2700 iis
817 2624 1037 2701 Ordinariis
1062 2625 1252 2724 seligendi
1277 2635 1402 2721 erunt,

165 2743 209 2819 in
243 2768 410 2843 quorum
444 2742 683 2819 dioecesibus
717 2741 907 2817 Indorum
941 2740 1067 2816 tribus
1099 2751 1402 2819 commorantur.

167 2860 300 2959 Hujus
329 2859 537 2935 comitatus
561 2859 647 2954 erit,
672 2859 778 2958 apud
803 2859 935 2933 sedem
960 2857 1140 2956 gubernii
1165 2862 1402 2936 sacerdotem

165 2976 354 3052 collocare
370 2975 438 3077 qui
461 2974 717 3051 commissarii
741 2999 903 3050 munere
924 2974 1112 3072 fungatur
1131 2982 1247 3074 atque
1269 3001 1401 3051 secun·

165 3095 261 3170 dum
284 3093 441 3192 regulas
467 3120 490 3167 a
512 3092 699 3168 comitatu
722 3090 1042 3191 praescribendas
1067 3091 1225 3189 negotia
1246 3118 1270 3167 a
1292 3118 1401 3192 prae·

166 3209 281 3285 dictis
299 3209 518 3285 Ordinariis
533 3207 611 3308 ipsi
631 3208 808 3306 injuncta
824 3206 1033 3305 diligenter
1049 3215 1170 3305 gerat,
1189 3217 1228 3283 et
1243 3234 1400 3307 genera·

164 3325 239 3402 tim
274 3324 464 3401 Indorum
499 3324 667 3400 salutem
700 3330 919 3423 opportuno
958 3329 1133 3421 tempore
1167 3348 1210 3399 ac
1244 3325 1401 3423 optimis

165 3441 307 3542 quibus
333 3440 478 3539 poterit
501 3440 641 3516 mediis
666 3446 905 3540 promoveat.

215 3561 303 3635 243.
339 3558 387 3632 In
414 3557 607 3632 universis
632 3556 773 3631 harum
798 3555 1002 3655 regionum
1029 3556 1265 3633 dioecesibus
1291 3566 1399 3658 quot·

165 3675 291 3768 annis,
317 3674 447 3775 prima
472 3672 802 3771 Quadragesimae
829 3671 1044 3764 Dominica,
1070 3673 1229 3750 collecta
1257 3677 1336 3770 fiat,
1362 3684 1400 3752 et

165 3816 322 3867 summa
346 3790 439 3865 inde
464 3789 698 3889 proveniens
720 3788 902 3863 mittatur
923 3788 974 3862 ad
993 3788 1306 3867 commissionem
1328 3818 1399 3891 pro

167 3906 418 3983 missionibus
444 3905 665 3982 domesticis
692 3904 1002 3980 instituendam·
1052 3905 1139 3980 Hoc
1164 3932 1256 3982 vero
1286 3911 1400 3985 modo

167 4023 390 4101 distributio
408 4025 486 4099 fiet.
538 4021 709 4098 Pecunia
725 4046 772 4096 ex
789 4020 862 4096 hac
882 4021 1041 4096 collecta
1057 4021 1208 4120 primae
1226 4023 1400 4100 Domini·

166 4166 233 4217 cae
250 4139 582 4239 Quadragesimae
605 4137 783 4214 derivata
806 4136 849 4211 in
875 4136 1124 4230 dioecesibus
1143 4139 1209 4214 ubi
1232 4141 1402 4217 Societas

167 4256 224 4356 pii
243 4255 382 4354 Operis
399 4257 449 4332 de
466 4253 753 4354 Propagatione
770 4252 882 4328 Fidei
892 4252 979 4351 jam
995 4253 1137 4347 existit,
1155 4262 1238 4331 tota
1255 4258 1401 4356 impen-

169 4374 287 4448 datur
308 4398 333 4447 a
354 4369 627 4447 commissione
650 4369 693 4445 in
713 4368 902 4467 jurandis
920 4369 1110 4445 Indorum
1133 4379 1174 4446 et
1190 4372 1399 4472 Nigrorum

168 4489 431 4563 missionibus.
483 4487 596 4576 Quod
614 4511 706 4560 vero
724 4484 764 4559 in
784 4484 854 4558 illa
870 4485 1030 4559 collecta
1046 4488 1243 4562 confertur
1260 4515 1284 4562 a
1300 4489 1403 4564 dioe-

168 4604 331 4697 cesibus,
349 4603 416 4678 ubi
442 4604 617 4677 nondum
642 4600 775 4676 existit
799 4599 870 4674 illa
895 4600 1067 4694 societas,
1085 4602 1338 4701 dispertiatur
1363 4604 1405 4680 in
