3142 5242
225 473 272 538 lv!
353 488 591 537 CONCILIUM
621 488 882 535 PLEXARIUM
912 489 1248 536 BALTIMORENSE
1277 490 1348 539 111.

274 647 369 713 Char.
399 645 571 711 Benedicta
598 645 641 710 sit
671 645 779 731 Virgo
815 643 965 731 Deipara‚
995 646 1063 711 sine
1092 646 1163 712 labe
1192 648 1344 735 originali
1373 648 1461 717 Con-

224 760 324 838 cepta,
339 773 420 836 quae
440 757 487 814 est
508 749 622 814 Turris
645 748 796 812 Eburnea
816 771 858 812 ex
879 771 944 835 qna
964 747 1105 835 pendent
1118 749 1210 815 mille
1223 751 1339 838 clypei,
1354 753 1461 819 omnis

224 864 387 921 armatura
401 854 553 919 fortium!

274 959 361 1024 carc
384 957 572 1023 Beatissimo
586 957 737 1022 Pontifici
759 956 862 1022 Leoni
884 957 991 1043 Papae
1013 958 1136 1042 XIII,
1151 958 1287 1026 feliciter
1301 960 1460 1048 regnanti,

225 1064 324 1128 totius
353 1061 511 1127 Ecclesiae
539 1061 658 1147 Capiti,
679 1083 716 1126 ac
745 1083 822 1126 vero
848 1059 971 1125 Christi
993 1061 1028 1124 in
1049 1063 1143 1127 terris
1166 1061 1312 1148 Vicario,
1335 1063 1462 1130 illibata

224 1168 427 1255 prosperitas,
441 1175 568 1231 aeterna
581 1165 752 1231 memoria!

273 1271 369 1338 Char.
399 1269 540 1356 Impleat
554 1268 714 1333 Dominus
728 1269 896 1355 petitiones
912 1270 1110 1336 Sanctissimi
1125 1271 1243 1356 Patris,
1258 1281 1290 1338 et
1305 1272 1351 1338 ita
1364 1296 1461 1340 omne

224 1376 393 1442 consilium
422 1374 524 1461 ipsius
552 1371 705 1439 adversus
737 1373 885 1438 inimicos
913 1373 1136 1440 dilectissimae
1164 1375 1288 1441 Christi
1317 1376 1461 1463 Sponsae

224 1478 398 1562 confirmet,
413 1486 451 1543 ut
463 1477 504 1543 ad
520 1477 660 1543 nihilum
680 1476 852 1542 deveniant
871 1486 1026 1563 tanquam
1039 1499 1124 1564 aqua
1136 1477 1316 1565 decurrens,
1331 1488 1364 1546 et
1377 1481 1461 1547 sicut

224 1583 330 1650 deficit
343 1584 454 1649 fumus
468 1583 633 1647 deficiant!

273 1689 361 1754 Chat.
392 1685 1209 1775 IllustrissimoacReverendissimoArchiepiscopo
1220 1687 1461 1773 Baltimorensi,

224 1791 429 1879 Apostolicae
457 1788 547 1855 Sedis
573 1788 739 1876 Delegato,
760 1791 852 1875 cujus
876 1788 980 1855 officio
1004 1798 1037 1855 et
1061 1813 1158 1877 opera
1185 1790 1246 1856 hoc
1274 1791 1462 1858 Concilium

225 1895 411 1962 Plenarium
425 1893 647 1976 coadunatum,
661 1892 827 1977 directum,
841 1901 874 1957 et
887 1891 929 1958 ad
943 1892 1069 1958 felicem
1083 1894 1181 1959 finem
1194 1903 1243 1960 est
1256 1895 1461 1983 perductum,

224 2022 297 2066 cum
312 1999 424 2064 multis
437 1998 530 2064 annis
543 2019 678 2081 magnae
691 1997 829 2084 gratiae!

273 2103 368 2170 Cher.
399 2102 484 2168 Cum
506 2100 619 2166 multis
647 2101 741 2166 annis
761 2122 895 2188 magnae
922 2103 1062 2188 gratiae!
1108 2100 1271 2169 Dominus
1299 2105 1461 2171 retribuat

222 2231 355 2297 operum
369 2208 437 2292 ejus
452 2204 644 2288 mercedem3
666 2204 960 2270 immarcescibilem
981 2205 1104 2292 gloriae
1119 2230 1268 2273 coronam
1282 2210 1459 2297 pereipiat!

272 2312 360 2378 aaa.
391 2308 676 2376 Reverendissimis
692 2296 956 2397 'Amhiepiscopis
975 2319 1008 2375 et
1028 2310 1208 2399 Episcopis,
1221 2311 1279 2398 qui
1294 2312 1357 2377 hoc
1370 2312 1462 2379 Con·

222 2416 334 2484 cilium
355 2414 542 2480 Plenarium
562 2412 708 2479 doctrina
728 2413 962 2500 prudentiaque
975 2436 1033 2478 sua
1046 2413 1261 2498 illustrarunt,
1275 2414 1404 2482 felicem
1416 2415 1462 2483 ad

222 2543 332 2588 eorum
347 2541 458 2606 greges
471 2517 622 2601 reditum,
637 2517 750 2600 vitam,
765 2516 845 2582 etin
860 2517 931 2582 Deo
946 2517 1055 2583 omnia
1068 2517 1193 2585 fausta!

271 2624 367 2691 Char.
398 2623 470 2688 Pax
504 2622 707 2708 sempiterna,
736 2620 898 2686 uberrima
933 2620 1175 2709 Omnipotentis
1211 2622 1391 2691 benedictio
1428 2634 1462 2692 et

222 2728 368 2796 laborum
383 2727 475 2794 beata
488 2725 675 2791 retributio!

271 2832 358 2898 (lant.
389 2828 673 2896 Reverendissimis
681 2828 1116 2913 Abbatibus,acAdmodum
1125 2831 1323 2898 Reverendis
1332 2832 1462 2920 Religi-

222 2959 348 3004 osarum
371 2935 648 3001 Communitatum
669 2932 903 3018 Superioribus,
919 2955 1041 2998 necnon
1062 2943 1094 2998 et
1115 2935 1299 3022 Theologis,
1318 2937 1379 3023 qui
1400 2959 1462 3003 sua

222 3041 366 3106 doctrina
383 3062 504 3126 suoque
523 3060 617 3124 opere
638 3036 750 3102 Patres
768 3036 804 3101 in
823 3036 998 3101 tractandis
1016 3037 1154 3125 negotiis
1170 3038 1340 3124 juvarunt,
1355 3039 1462 3107 incre·

222 3155 366 3211 mentum
379 3145 509 3230 gratiae,
524 3150 650 3206 aeterna
664 3140 816 3208 felicitas!

269 3249 365 3316 Char.
399 3247 466 3312 Det
486 3247 532 3311 eis
557 3244 657 3328 Deus,
678 3245 854 3309 secundum
879 3245 979 3310 Suam
1008 3245 1194 3330 bonitatem,
1216 3270 1313 3314 omne
1333 3247 1462 3315 donum

221 3353 415 3441 perfectum!
453 3350 543 3415 Deus
557 3349 759 3413 scientiarum
772 3357 805 3412 et
815 3348 885 3413 veri
899 3348 1033 3414 luminis
1048 3349 1121 3414 fons
1131 3350 1324 3433 indeficiens,
1336 3362 1461 3419 mentes

221 3480 332 3523 eorum
352 3476 506 3541 supernae
526 3452 680 3517 claritatis
702 3450 825 3517 lumine
845 3451 994 3536 illustret,
1013 3453 1118 3539 gratia
1139 3450 1257 3537 foveat,
1271 3454 1462 3543 virtuteque

221 3559 418 3627 corroboret!

269 3666 357 3731 (lant.
379 3663 484 3729 -Clero
498 3662 630 3727 istarum
643 3659 899 3743 Provinciarnm,
910 3668 943 3726 et
955 3660 1107 3728 universo
1120 3661 1244 3728 Christi
1256 3662 1361 3750 gregi,
1371 3664 1461 3731 salus

221 3778 253 3834 et
266 3768 476 3834 benedictioa
490 3766 651 3831 Domino!
1513 3767 1516 3772 '

269 3871 365 3938 Char.
396 3871 479 3939 Vias
493 3879 575 3953 tuae,
590 3868 740 3952 Domine,
755 3870 937 3935 demonstra
951 3868 1028 3952 illis,
1040 3879 1071 3934 et
1085 3869 1188 3956 dirige
1202 3892 1255 3935 eos
1270 3870 1306 3935 in
1321 3871 1461 3938 veritate

221 3986 286 4059 tua,
301 3984 339 4040 ut
353 3998 417 4040 non
433 3974 664 4040 obliviscantur
677 3996 773 4059 opera
786 3973 960 4056 Altimimi,
971 3982 1003 4037 et
1019 3973 1169 4038 mandata
1182 3975 1250 4058 ejus
1263 3975 1458 4059 exquirant!

269 4081 356 4145 (tint.
386 4078 503 4143 Almac
524 4088 648 4142 nostrae
670 4077 886 4163 Reipublicae,
901 4100 967 4163 pax
986 4100 1122 4159 summa,
1137 4077 1331 4163 prosperitas
1349 4078 1459 4164 plena,

220 4207 256 4248 ac
270 4183 332 4248 Dei
347 4182 586 4268 Omnipotentis
600 4181 825 4267 supereffluens
840 4180 1033 4246 benedictio!

268 4288 364 4354 Char.
394 4287 447 4351 Da
461 4309 579 4372 pacem,
591 4285 741 4368 Domine,
753 4285 787 4348 in
801 4284 914 4350 diebus
928 4285 1054 4367 nostris,
1066 4285 1143 4371 quia
1158 4307 1222 4348 non
1237 4293 1284 4349 est
1298 4285 1384 4351 alius
1398 4289 1459 4374 qui

218 4401 340 4478 pugnet
353 4415 412 4478 pro
427 4390 529 4472 nobiS,
543 4390 607 4454 nisi
622 4390 674 4454 Tu
689 4389 777 4453 Deus
792 4390 929 4454 Noster!

266 4496 353 4561 Cant.
385 4495 547 4561 Universa
566 4494 681 4558 harum
703 4493 948 4558 Provinciarnm
970 4493 1219 4558 Foederatarum
1238 4493 1373 4579 populO,
1388 4518 1459 4581 pax

218 4600 408 4680 indeficiens,
425 4596 656 4661 indissolubilis
671 4597 855 4661 concordia!
