3142 5242
447 485 500 532 nn
530 487 677 533 onus1s
707 488 1141 535 nrnrnrarournnrnus.
1346 471 1407 534 271

220 641 304 716 §aa
329 643 497 721 Quatenus
517 667 606 708 ‹asus
628 644 745 730 exigat,
764 644 994 730 inquirendum
1014 645 1111 710 etiam
1132 645 1203 726 erit,
1224 667 1290 732 qua
1309 653 1410 711 aetate

173 744 330 830 praetensi
355 746 464 832 sponsi
489 747 551 812 sibi
578 748 716 814 invicem
742 749 983 814 matrimonium
1008 749 1221 836 promiserint.
1278 748 1410 814 Etenim
1455 740 1461 764 ⁸

173 848 333 934 sponsalia
351 849 393 915 ab
412 850 599 936 infantibus,
614 851 667 917 vel
681 875 703 917 a
716 852 830 918 maiori
844 875 918 917 cum
933 852 1055 918 infante
1067 862 1236 935 contracta,
1251 853 1321 939 ipso
1339 853 1410 919 iure

173 951 264 1017 nulla
277 963 363 1036 sunt,
379 962 412 1019 et
425 953 689 1040 impedimentum
708 955 855 1042 publicae
873 954 1047 1021 honestatis
1065 956 1196 1044 gignere
1209 979 1274 1022 non
1288 955 1407 1023 valent.

173 1055 283 1134 Quare
305 1057 341 1120 in
366 1056 428 1122 hoc
450 1080 524 1123 casu
549 1057 778 1146 inquirendum
803 1060 865 1125 erit
889 1059 930 1124 de
954 1069 1054 1125 aetate
1078 1059 1221 1146 legitima
1245 1082 1367 1143 eorum,
1388 1082 1410 1126 a

172 1158 290 1244 quibus
314 1160 475 1246 sponsalia
499 1161 631 1227 fuerunt
658 1171 827 1247 contracta,
853 1162 941 1250 quod
970 1163 1063 1228 facile
1088 1164 1152 1247 fiet,
1177 1164 1286 1250 petitis
1310 1163 1410 1229 docu-

171 1264 286 1328 mentis
309 1287 351 1330 ex
373 1264 465 1331 libris
490 1265 724 1352 baptizatorum
749 1276 845 1354 atque
867 1290 909 1333 ex
931 1267 1113 1332 testimonio
1138 1277 1317 1354 parentum,
1339 1267 1409 1333 sive

170 1366 317 1450 aliorum,
333 1369 389 1454 qui
411 1392 570 1455 personas,
586 1370 628 1436 de
649 1370 767 1457 quibus
787 1372 905 1458 agitur,
927 1380 1130 1457 cognoscunt.
1175 1370 1211 1436 Si
1232 1370 1410 1436 constiterit

171 1469 205 1533 in
227 1479 329 1536 aetate
350 1472 458 1538 adhuc
480 1473 622 1539 infantili
645 1475 806 1560 sponsalia
827 1475 910 1540 inita
932 1474 1039 1557 fuisse,
1063 1473 1326 1561 investigandum
1347 1473 1410 1540 erit

170 1583 280 1639 utrum
294 1585 368 1662 post
381 1578 582 1664 septennium
598 1578 719 1643 fuerint
732 1588 894 1662 renovata,
908 1586 966 1643 aut
979 1579 1090 1643 saltem
1107 1579 1271 1645 ratificata.

423 1751 495 1818 Ara
515 1752 683 1818 IIL-De
704 1754 913 1839 impedimento
935 1754 981 1817 via
1002 1760 1028 1817 ct
1049 1760 1151 1819 aava

214 1904 230 1981 ᾗ
247 1907 299 1971 36.
323 1905 417 1971 Circa
436 1906 701 1992 impedimentum
719 1905 805 1993 quod
824 1906 875 1972 vis
894 1917 927 1972 et
945 1918 1048 1972 metus
1063 1906 1191 1990 dicitur,
1206 1917 1281 1973 ante
1300 1907 1409 1973 omnia

167 2007 400 2074 advertendum
418 2011 565 2094 occurrit,
583 2011 743 2075 neminem
762 2033 783 2075 a
801 2011 871 2075 iure
893 2010 1022 2075 admitti
1041 2011 1084 2076 ad
1103 2011 1346 2076 matrimonium
1365 2034 1407 2075 ex

168 2109 229 2175 hoe
249 2113 352 2199 capite
373 2113 631 2200 impugnandum
652 2115 716 2178 nisi
738 2114 795 2200 qui
816 2113 1005 2180 violentiam
1026 2123 1059 2179 et
1081 2116 1274 2180 coactionem
1296 2136 1408 2202 passus

167 2213 295 2298 dicitur,
320 2216 409 2282 reiici
434 2240 512 2284 vero
540 2240 625 2300 eum,
651 2218 709 2304 qui
738 2240 797 2304 per
822 2217 956 2304 longum
985 2227 1112 2305 tempus
1141 2219 1175 2284 in
1202 2217 1408 2284 matrimonio

167 2317 298 2403 vixerit,
323 2320 501 2387 dummodo
526 2321 628 2386 eidem
653 2321 788 2399 libertas
813 2330 846 2386 et
870 2323 1093 2408 opportunitas
1118 2320 1312 2387 reclamandi
1340 2322 1405 2386 no'n

167 2421 325 2504 defuerit;
346 2424 393 2489 ita
412 2434 449 2490 ut
470 2425 498 2489 si
520 2423 602 2490 liber
621 2425 686 2490 iam
708 2446 728 2490 a
749 2433 837 2490 metu
859 2448 918 2490 sua
938 2435 1052 2511 sponte
1074 2426 1108 2488 in
1127 2424 1289 2512 coniugali
1310 2424 1407 2490 domo

167 2527 349 2613 perstiterit,
376 2528 625 2594 matrimonialia
653 2527 756 2595 officia
785 2552 851 2594 non
876 2530 1107 2612 detrectaverit,
1133 2529 1239 2594 audiri
1268 2528 1407 2615 amplius

167 2653 232 2695 non
246 2630 368 2698 debeat.
406 2632 537 2698 Etenim
552 2633 609 2720 qui
623 2632 705 2698 liber
719 2656 740 2698 a
752 2633 913 2698 coactione
926 2641 1065 2715 metuve,
1080 2633 1232 2698 facultate
1244 2641 1277 2698 et
1291 2655 1407 2719 oppor-

167 2735 303 2801 tunitate
320 2736 513 2802 reclamandi
531 2760 597 2802 non
614 2738 727 2819 utitur,
741 2746 886 2801 censetur
899 2737 1083 2819 consentire,
1098 2745 1130 2801 et
1148 2737 1304 2802 ratifirare
1320 2735 1407 2824 quod

166 2846 259 2904 antea
284 2839 407 2906 invitus
431 2851 527 2926 atque
550 2841 686 2906 adverso
710 2841 820 2905 animo
845 2840 971 2906 fecerat.
1021 2840 1121 2907 Unde
1146 2840 1181 2904 in
1206 2840 1320 2926 primis
1345 2841 1408 2905 erit

168 2941 406 3030 inquirendum,
421 2955 531 3010 utrum
545 2945 702 3009 accusatio
718 2954 870 3030 tempore,
887 2945 935 3010 uti
955 2944 1084 3028 dicitur,
1100 2944 1173 3009 utili
1194 2945 1278 3010 facta
1291 2945 1335 3010 sit
1344 2971 1353 3027 ;
1375 2954 1407 3009 et

167 3047 194 3110 si
214 3046 274 3111 hoc
294 3048 358 3112 iam
378 3048 517 3133 fluxerit,
532 3048 750 3135 quaerendum
770 3049 831 3113 erit
844 3070 984 3136 quanam
998 3047 1039 3113 de
1052 3072 1145 3114 causa
1166 3048 1228 3114 hoo
1246 3048 1404 3132 acciderit,

167 3160 204 3215 ut
239 3151 374 3216 iudicari
402 3152 504 3238 possit
531 3161 641 3217 utrum
669 3153 827 3218 accusatio
855 3152 1053 3217 admittenda
1081 3176 1123 3217 an
1152 3150 1324 3218 reiicienda
1351 3153 1404 3218 sit.

167 3253 313 3320 Secundo
326 3278 403 3342 prae
417 3256 517 3321 oeulis
536 3254 721 3321 habendum
739 3255 812 3338 erit,
827 3255 1030 3321 solummodo
1049 3267 1170 3320 metum
1190 3278 1333 3342 gravem,
1348 3257 1406 3344 qui

167 3381 281 3445 nempe
299 3358 335 3423 in
353 3359 464 3427 virum
482 3368 678 3425 constantem
697 3359 799 3444 cadat,
814 3359 1056 3424 matrimonium
1070 3357 1231 3444 dirimere,
1246 3368 1279 3425 et
1297 3383 1407 3424 consc-

167 3471 301 3549 qnenter
328 3462 370 3528 ad
406 3462 493 3528 hunc
522 3473 643 3528 metum
672 3464 907 3550 exquirendum
944 3485 1054 3528 omnes
1090 3464 1161 3529 sive
1196 3462 1406 3529 moderatoris

165 3576 308 3631 actorum
332 3568 400 3633 sive
421 3567 597 3633 defensoris
620 3567 817 3632 matrimonii
841 3567 1101 3654 investigationes
1123 3590 1190 3632 esse
1211 3566 1404 3654 dirigendas.

167 3669 269 3736 Porro
288 3673 430 3757 gravitas
450 3671 575 3737 timoris
593 3671 697 3736 oritur
715 3694 756 3736 ex
775 3682 890 3736 natura
909 3671 1082 3753 minarum,
1096 3693 1138 3735 ex
1158 3671 1314 3757 qualitate
1333 3680 1403 3735 tum

165 3795 275 3838 eorum
289 3776 441 3862 aquibus
459 3776 535 3841 illae
553 3775 807 3861 proficiscuntur,
822 3784 893 3839 tum
913 3797 1023 3838 eorum
1039 3775 1095 3861 qui
1115 3797 1167 3839 eas
1187 3775 1271 3860 passi
1291 3773 1404 3838 dicuu-

165 3887 228 3943 tur.
274 3877 344 3944 Ista
359 3879 421 3944 tria
435 3878 543 3967 itaque
556 3887 650 3944 erunt
664 3879 848 3965 praesertim
864 3877 1097 3965 investiganda.

210 3982 226 4058 ἓ
242 3984 295 4048 37.
326 3983 421 4049 Circa
438 3985 582 4069 primum
601 3982 713 4047 sedulo
735 3981 973 4068 inquirendum,
988 3991 1098 4046 utrum
1119 3982 1177 4068 qui
1199 3982 1240 4048 de
1260 3980 1405 4047 adhibita

164 4087 324 4152 coactione
337 4096 534 4169 accusantur,
550 4087 596 4151 ita
613 4086 837 4151 consueverint
855 4108 948 4172 agere
962 4108 1036 4150 cum
1054 4108 1190 4172 persona
1202 4108 1285 4173 quae
1298 4095 1405 4150 coacta

163 4189 291 4275 dicitur,
314 4199 352 4256 ut
372 4214 504 4278 gravem
525 4199 621 4277 atque
643 4189 810 4256 molestam
831 4189 935 4254 eidem
957 4188 1124 4254 redderent
1145 4189 1350 4254 domesticam
1373 4197 1407 4253 et

164 4292 356 4359 familiarem
383 4294 672 4376 cohabitationem
708 4316 865 4381 quaenam
899 4292 1020 4358 fuerint
1047 4293 1083 4357 in
1110 4294 1214 4379 specie
1242 4292 1406 4358 molestiae

164 4397 267 4464 eidem
280 4398 408 4481 illatae3
430 4407 539 4464 utrum
554 4398 653 4465 verba
665 4398 761 4485 gravi
781 4396 1001 4484 indignatione
1019 4396 1116 4484 plena
1129 4395 1283 4478 adhibita,
1299 4396 1404 4462 inten-

163 4510 229 4566 tata
249 4501 452 4568 haereditatis
477 4502 626 4589 privatio,
649 4502 758 4566 eiectio
784 4523 802 4566 e
827 4510 959 4588 paterna
980 4500 1086 4584 domo,
1109 4523 1150 4565 an
1175 4500 1285 4565 addita
1306 4500 1404 4564 etiam

164 4606 306 4672 verbera.
