3142 5242
179 470 217 534 i.t
308 486 552 532 ‘ilrS‘JthH
575 483 834 529 PLEMBIH
857 483 1194 529 BALTUGRBSSB
1215 485 1290 531 111.

179 640 651 709 nammanteomniasaetula.
695 638 858 704 Ixmde
877 639 1418 723 Deo,lun1·udelumine,Deurn

180 770 293 813 rerum
306 748 348 812 de
362 747 434 811 Deo
448 769 535 810 veru.
578 744 747 819 Geuimm,
761 766 826 806 non
844 743 977 823 futrum,
990 744 1293 809 eonsnhmtialun
1314 745 1417 827 Patri,

180 851 485 938 psquemomnia
510 849 702 913 meunt.
745 847 815 927 Qui
838 847 1419 936 proprernoehominrsetpmpter

179 976 320 1020 nentrum
342 955 477 1019 mlum
497 952 661 1018 desoeudit
680 950 722 1016 de
742 951 847 1016 melis.
893 951 937 1015 Et
959 952 1142 1017 inmnrarm
1163 972 1211 1017 eeu
1229 953 1272 1018 de
1293 953 1418 1039 Βρίήιιι

179 1078 287 1125 ennea,
300 1082 341 1123 ex
361 1058 467 1123 Maria
481 1058 668 1143 l'irgioeet
688 1056 787 1120 homo
808 1056 911 1120 satam
931 1076 989 1120 est.
1033 1056 1219 1121 Crucifixus
1239 1057 1337 1122 etiam
1359 1079 1418 1144 pro

180 1164 272 1228 urhis
285 1163 347 1227 sub
362 1163 481 1227 Pontio
495 1161 603 1226 Pilato
616 1183 728 1247 passus
741 1180 774 1224 et
791 1159 939 1246 sepultus
959 1180 1018 1224 eet.
1063 1160 1108 1224 Et
1129 1163 1304 1226 resurrexit
1324 1162 1418 1227 ιώ

179 1267 233 1332 die
245 1266 420 1331 mulum
435 1264 626 1351 seriptum
671 1264 716 1328 Et
729 1263 871 1328 asemdit
889 1264 924 1327 in
939 1264 1075 1343 melum,
1089 1263 1175 1328 sedet
1189 1265 1233 1329 ad
1252 1264 1417 1331 ᾶεῐῐωιιι

180 1371 297 1437 Patria„
342 1370 388 1435 Et
409 1371 525 1434 iterum
539 1388 694 1433 venturus
714 1382 762 1431 ext
782 1391 857 1432 eum
877 1368 982 1455 gloria
996 1367 1143 1453 judicare
1163 1371 1259 1434 sivos
1279 1382 1312 1434 et
1332 1392 1418 1435 mor·

180 1492 275 1555 tuom
295 1477 386 1559 eujrm
402 1474 493 1560 regni
507 1495 572 1537 non
586 1474 649 1537 erit
663 1473 747 1536 finis,
792 1471 837 1536 Et
852 1473 886 1535 in
901 1471 1060 1559 Spiritum
1074 1492 1221 1537 murrum
1235 1472 1417 1539 Dominum

180 1596 212 1645 et
227 1579 456 1659 vivilitantem,
469 1577 527 1663 qui
541 1599 582 1640 ex
598 1576 696 1641 Patre
709 1575 860 1662 Filioque
881 1575 1035 1661 procedit.
1080 1577 1150 1656 Qui
1171 1600 1247 1641 eum
1268 1576 1367 1643 Patre
1386 1588 1417 1643 et

182 1682 271 1748 Filio
283 1680 381 1746 simul
396 1680 548 1745 aeloratur
557 1696 589 1744 et
599 1679 856 1766 muglorilieatur
863 1706 873 1760 ς
891 1681 949 1766 qui
963 1679 1090 1745 loeutm
1102 1690 1150 1746 est
1163 1703 1223 1767 per
1234 1681 1416 1768 propbtm

182 1785 228 1851 Et
242 1808 340 1850 unam
355 1784 504 1851 Sauum
519 1782 720 1850 Catholimm
734 1796 767 1848 et
781 1783 1002 1869 Apostolimm
1023 1783 1210 1850 Eoeleriam.
1255 1785 1417 1853 Confiteor

181 1912 283 1955 unum
305 1889 464 1975 lepti-ana
485 1889 519 1952 in
545 1887 761 1951 remiffiionem
785 1900 997 1974 peoutorum.
1042 1887 1088 1953 Et
1110 1900 1243 1974 expecto
1263 1911 1416 1955 πωπω-

180 1994 301 2059 tiorrem
316 2008 516 2056 mortuorum
530 2002 564 2055 et
577 1992 680 2056 vitam
694 1992 824 2055 venturi
837 1990 965 2057 meruli.
1008 1994 1129 2058 Arnen.

225 2096 448 2183 “Apoetolims
475 2112 507 2160 et
544 2094 778 2159 Ecclesiasticus
813 2094 1011 2177 traditionoe,
1040 2096 1243 2183 reliquasque
1274 2096 1415 2184 ejusdem

181 2200 341 2267 Eximiae
379 2199 613 2264 olsen'ationea
651 2210 684 2264 et
722 2200 965 2263 eonstitutiones
1004 2200 1187 2265 firmissime
1220 2201 1359 2267 admitto
1384 2210 1416 2267 et

179 2303 364 2391 ampluaer.
423 2303 507 2368 Item
536 2302 666 2368 Sacram
694 2302 894 2388 scripturam
925 2305 1023 2389 juxta
1050 2326 1125 2368 eum
1152 2327 1293 2387 sensnm,
1321 2327 1414 2394 quem

179 2409 283 2474 tenuit
307 2424 339 2472 et
359 2420 445 2473 tenet
468 2418 577 2472 saneta
603 2404 710 2471 linter
739 2406 890 2489 Proteia,
911 2409 1002 2491 eujus
1030 2420 1077 2471 est
1100 2408 1247 2492 juditam
1270 2408 1313 2474 de
1340 2431 1414 2476 vero

180 2534 274 2577 sensu
296 2528 328 2577 et
349 2511 609 2597 interpretatione
628 2532 790 2575 sacrarum
818 2509 1068 2596 scripturarum,
1089 2512 1247 2595 admitto;
1269 2536 1329 2578 neo
1347 2535 1414 2579 eam

180 2638 323 2702 unquam
338 2616 401 2679 nisi
417 2616 515 2700 juxta
528 2613 712 2678 unanimem
726 2636 914 2679 eonsensum
929 2614 1066 2679 Patrum
1087 2615 1242 2702 accipiam
1263 2626 1298 2682 et
1318 2617 1414 2682 inter·

180 2719 340 2807 pretalmr.

225 2823 412 2888 “Profiteor
428 2846 555 2909 quoque
576 2834 697 2908 septem
718 2845 785 2886 esse
798 2844 873 2887 rere
886 2832 918 2887 et
937 2824 1068 2909 proprie
1088 2823 1295 2890 Sacramenta
1315 2847 1414 2891 novae

180 2928 261 3015 legis
288 2950 309 2992 a
334 2927 413 2992 Joeu
442 2927 572 2993 Christo
600 2926 744 2990 Domino
773 2937 882 2991 nostro
907 2926 1064 3009 instituta,
1089 2938 1186 3014 atque
1209 2927 1253 2994 ad
1280 2928 1413 2995 salutm

181 3032 314 3097 humani
342 3031 467 3118 generis
495 3030 568 3094 lieet
592 3052 658 3094 non
682 3030 792 3095 omnia
815 3030 954 3117 singulis
978 3031 1160 3114 necessaria,
1183 3032 1307 3098 scilieet
1329 3031 1414 3120 Bep-

180 3136 323 3218 tismum,
350 3134 645 3216 Confirmationem,
672 3133 920 3216 Eucharistiam,
950 3132 1196 3218 Poenitentiam,
1225 3135 1413 3202 Extr'emam

181 3239 387 3320 L’netionem,
416 3237 584 3320 Ordinem,
606 3247 640 3302 et
668 3237 936 3319 llatrimonium3
959 3237 1079 3324 illaque
1101 3240 1241 3325 gratiam
1263 3239 1413 3323 conferre,

180 3353 213 3408 et
234 3366 275 3407 ex
298 3342 350 3407 his
373 3342 587 3428 Baptismum‚
612 3340 904 3424 Confirmationem,
926 3351 959 3406 et
983 3339 1141 3407 Ordinem
1159 3344 1231 3408 sine
1251 3343 1416 3431 sacrilegio

180 3447 322 3513 reiterari
337 3469 402 3511 nou
417 3468 516 3532 posse.
561 3444 716 3531 Reoeptos
729 3467 856 3531 qnoque
869 3453 902 3510 91
914 3445 1106 3532 approbatos
1120 3446 1283 3513 Ecclesiae
1296 3448 1415 3515 (latho-

181 3551 259 3615 lime
271 3551 352 3615 ritus
367 3551 400 3614 in
416 3548 670 3635 supradictorum
685 3549 830 3614 omnium
844 3559 1112 3615 sacramentorum
1126 3550 1263 3616 solemni
1277 3551 1415 3617 admini-

181 3655 333 3720 stratione
357 3653 474 3739 recipio
498 3662 531 3718 91
555 3652 699 3718 admitto.
753 3651 875 3718 Omnia
902 3661 935 3717 et
962 3654 1091 3740 singula
1114 3677 1197 3740 qnae
1224 3655 1266 3720 de
1288 3665 1416 3742 penato

180 3757 328 3845 originali
343 3767 375 3822 et
389 3757 429 3822 de
436 3757 662 3843 justifieatione
677 3757 711 3820 in
725 3766 922 3821 sacrosancta
935 3756 1126 3823 Tridentina
1138 3757 1271 3844 Synodo
1283 3759 1417 3825 definita

180 3871 212 3927 91
225 3861 384 3927 declarata
394 3861 535 3944 fuerunt,
543 3861 717 3947 amplector
729 3869 762 3924 91
776 3860 903 3946 recipio.
949 3861 1107 3926 Profiteor
1120 3862 1249 3948 pariter,
1261 3862 1297 3928 in
1312 3863 1416 3930 Missa

180 3965 287 4031 offerri
301 3965 372 4030 Deo
393 3987 516 4046 verum,
530 3965 699 4050 proprium
712 3974 744 4028 et
761 3964 1019 4050 propitiatorium
1040 3965 1231 4030 sacrificium
1251 3989 1314 4053 pro
1326 3967 1418 4035 vivis

180 4079 212 4135 et
224 4069 384 4135 defunctis
396 4094 406 4151 3
425 4079 520 4154 atque
535 4068 570 4131 in
583 4068 782 4132 sanctissimo
798 4066 1017 4132 Eucharistiae
1030 4068 1234 4134 Sacramenta
1247 4093 1316 4136 esse
1328 4094 1416 4154 vere,

180 4174 306 4239 realiter
319 4182 351 4236 et
371 4171 621 4237 substantialiter
635 4171 760 4257 Corpus
782 4180 814 4235 91
834 4171 1039 4257 Sanguinem,
1054 4195 1121 4238 una
1140 4195 1216 4238 eum
1237 4174 1366 4241 Anima
1386 4184 1418 4241 et

181 4277 362 4344 Divinitate
381 4275 514 4341 Domini
536 4275 637 4340 nostri
652 4275 731 4340 Jesu
753 4275 887 4358 Christi,
902 4276 1034 4361 fierique
1054 4277 1296 4343 conversionem
1316 4281 1418 4345 totius

179 4382 373 4447 substantiae
387 4381 480 4467 panis
494 4379 529 4443 in
545 4380 680 4464 Corpus,
696 4388 728 4443 et
740 4380 840 4443 totius
854 4378 1050 4444 substantiae
1063 4380 1135 4445 vini
1150 4381 1184 4444 in
1206 4380 1418 4469 Sanguinem,

178 4509 274 4573 quam
283 4486 520 4551 oonversionom
530 4482 695 4548 Catholica
704 4482 845 4546 Ecclesia
854 4483 1254 4550 Transsubstantiationem
1263 4488 1417 4573 appellat.

179 4590 297 4656 Fateor
311 4590 407 4655 etiam
421 4587 483 4653 sub
497 4587 596 4651 altera
616 4594 743 4651 tantum
758 4587 860 4672 speeie
874 4596 978 4651 totum
999 4598 1095 4674 atque
1117 4588 1281 4675 integrum
1303 4589 1419 4658 Chris-
