3142 5242
166 458 229 521 236
660 472 906 520 arrauurx.

163 630 303 694 maurenti
317 652 411 716 quam
424 628 568 695 veritaa.''
614 628 697 694 Inde
710 638 768 713 est,
783 628 870 716 quod
885 628 918 696 S.
934 630 1157 717 Congregatic,
1169 652 1273 718 quum
1287 653 1405 718 cogne-

163 735 248 801 verit
268 733 378 820 aliquo
400 733 434 798 in
457 732 527 799 loco
548 733 719 799 inolevisse
741 733 1004 799 consuetudinem
1023 732 1162 799 iterandi
1183 733 1317 798 missam
1338 734 1405 798 sine

164 837 354 920 necessitate,
370 860 436 902 non
458 837 567 902 omisit
586 837 744 902 eiusmodi
765 836 935 923 reprobare
954 836 1218 903 consuetudinem
1239 846 1404 924 tamquam

162 941 310 1025 abusum,
326 941 430 1006 zelum
446 941 679 1028 Episcopomm
695 941 837 1006 excitans
851 941 893 1006 ad
908 964 979 1006 eam
992 940 1233 1007 eliminandam.

209 1051 239 1112 8.
268 1046 397 1131 Quarta.
420 1045 454 1111 N
455 1068 490 1109 ec
500 1045 597 1110 etiam
610 1045 870 1132 presbyterorum
883 1056 1053 1132 paupertas
1063 1045 1178 1110 missae
1191 1046 1404 1129 iterationem,

164 1159 201 1216 ut
222 1173 263 1215 ex
277 1146 471 1218 Verricellil
491 1149 669 1214 indicatum
688 1157 745 1232 est,
760 1149 849 1215 valet
871 1149 1015 1235 probare.
1059 1149 1205 1230 Quidam
1226 1149 1405 1214 Hiberniae

164 1253 433 1340 Archiepisccpus
453 1275 539 1318 anno
563 1256 647 1319 1688
670 1253 782 1339 petiit:
804 1253 927 1318 “Num
945 1276 987 1319 ex
1006 1252 1076 1318 sola
1093 1254 1293 1340 paupertatis
1311 1276 1405 1318 caum

163 1358 288 1444 possint
302 1357 463 1444 regulares
476 1357 557 1421 duas
571 1358 682 1423 missas
695 1356 809 1422 diebus
823 1356 914 1423 festis
926 1357 1084 1423 celebrare
1097 1358 1133 1422 in
1146 1358 1286 1443 privatis
1298 1356 1404 1422 domi-

163 1461 234 1545 bus,
255 1483 452 1549 quamquam
473 1482 584 1525 omncs
604 1461 767 1547 paroeciae
787 1468 820 1525 et
840 1472 1018 1526 conventus
1038 1460 1185 1548 proprias
1204 1461 1355 1526 eecloeias
1373 1470 1404 1526 ct

163 1565 300 1653 <apellas
321 1562 490 1630 habeant.''
543 1564 577 1631 S.
601 1564 868 1652 Congregationis
892 1587 1080 1651 responsum
1104 1565 1295 1651 negativum
1321 1565 1403 1631 suit:

163 1691 329 1757 quumque
342 1668 477 1733 relatum
492 1677 573 1733 esset
586 1668 622 1732 in
636 1667 882 1754 particularibus
901 1668 1211 1756 Congregationibus
1223 1668 1268 1734 de
1282 1669 1404 1755 Propa-

162 1773 269 1860 gamla
288 1772 372 1838 Fide
390 1771 508 1837 habitis
528 1782 598 1837 tum
617 1770 671 1836 die
694 1771 1042 1856 tumultuatum
1061 1772 1115 1838 die
1134 1774 1177 1838 28
1199 1771 1285 1838 Iulii
1307 1776 1403 1856 1750,

163 1877 318 1942 eiusmodi
340 1877 477 1941 abusum
499 1876 534 1940 in
556 1874 718 1940 Hibernia
741 1874 848 1941 adhuc
868 1876 987 1962 vigere,
1009 1875 1086 1964 quia
1107 1876 1205 1941 multi
1225 1877 1404 1942 sacerdotes

163 1981 334 2046 utebantur
348 1980 498 2045 facultate
512 1979 648 2044 iterandi
668 1980 798 2045 missam
813 2002 878 2045 non
892 1980 958 2045 alia
970 1979 1012 2045 dc
1024 2003 1127 2064 causa,
1142 1980 1206 2045 nisi
1220 1991 1260 2047 ut
1273 1981 1405 2068 pingui·

163 2108 234 2152 ores
252 2085 467 2171 eleemosynas
481 2084 687 2170 perciperent,
702 2093 799 2170 atque
816 2084 893 2149 inde
910 2085 1109 2149 commodius
1127 2107 1161 2150 se
1179 2094 1404 2168 sustentarent,

164 2190 251 2256 Emi.
268 2189 380 2253 Patres
394 2188 616 2253 decreverunt:
640 2186 811 2252 “Graviter
823 2195 1006 2252 moneamur
1017 2189 1196 2273 aamrdotm,
1206 2188 1406 2273 uesacuttatc

162 2293 336 2359 celebrcmli
350 2292 397 2356 bia
410 2291 446 2356 ia
459 2292 510 2355 die
524 2292 703 2374 abutamur,
718 2298 753 2356 ut
765 2292 951 2378 stipendium
964 2293 1085 2376 larpim
1097 2299 1126 2357 et
1140 2294 1300 2380 piapuiua
1311 2293 1406 2358 habc-

162 2395 251 2464 aut.''
296 2396 342 2461 Et
360 2420 380 2462 a
399 2394 574 2461 Benedicto
587 2393 709 2463 XIV-²
720 2395 903 2482 appellatur
922 2395 1039 2461 wuaue
1054 2396 1257 2462 intolerabilia
1270 2398 1406 2463 facultas

162 2501 259 2569 alicui
274 2501 430 2567 sacerdoti
450 2499 533 2564 facta
547 2499 683 2564 iterandi
698 2500 828 2564 missam
843 2522 911 2563 cum
924 2501 961 2564 iu
972 2500 1080 2588 finem,
1094 2507 1130 2564 ut
1147 2501 1270 2588 duplici
1283 2503 1405 2567 aaa

161 2628 242 2691 ayua
256 2605 408 2669 decentius
427 2626 459 2667 ae
476 2609 662 2668 materdaret.
707 2602 821 2668 Solum
840 2613 878 2668 ut
896 2604 1118 2690 aliquomodo
1130 2605 1312 2671 consuleret
1324 2629 1406 2692 pau·

162 2709 291 2797 peribus
306 2707 462 2794 religiosis
477 2707 545 2771 eius
560 2706 660 2792 regui,
675 2707 733 2793 qui
748 2707 911 2793 conquesti
931 2708 1060 2772 fuerant
1078 2707 1119 2772 de
1137 2709 1240 2773 simili
1260 2710 1405 2797 prohibi-

163 2814 248 2878 tione
268 2814 351 2876 faeta
373 2835 394 2876 a
417 2811 549 2896 Syucdc
572 2811 764 2896 provinciali
784 2811 956 2875 Tuamensi
976 2835 1062 2876 auno
1085 2814 1169 2877 1817
1185 2813 1228 2877 ob
1247 2814 1405 2878 damnum

164 2918 238 2982 imlc
267 2916 469 3003 pr·oveuiens,
495 2913 621 2978 sublata
646 2914 725 3000 ipsis
749 2913 957 3001 eleemosyna,
979 2938 1077 3002 quam
1103 2916 1218 2980 missae
1242 2918 1406 2982 caesione

162 3021 322 3108 percipere
335 3019 480 3083 solebant
499 3018 541 3082 ad
560 3017 705 3083 ecclesiae
724 3019 845 3100 ianuas,
860 3042 933 3083 eum
954 3019 1016 3106 ipsi
1030 3021 1179 3086 viverent
1198 3043 1239 3085 ex
1260 3022 1404 3086 fidelium

163 3122 387 3204 oblationibus,
403 3123 436 3187 S.
453 3122 668 3208 Congregatio
688 3122 805 3205 voluit,
820 3133 858 3186 ut
877 3136 1082 3188 monerentur
1102 3123 1267 3211 Episcopi,
1284 3136 1322 3191 nt
1341 3131 1361 3160 ‘⁶
1373 3127 1405 3188 in

162 3228 364 3314 impertienda
389 3227 427 3289 dc
451 3227 631 3289 audoeitatc
652 3226 833 3311 rlpcatclica
857 3227 1066 3290 sacerdotibua
1086 3229 1210 3292 lr'a‘utia
1231 3228 1405 3293 celebrandi

163 3331 365 3415 dicbemsmtia
376 3331 413 3394 de
422 3337 586 3416 praecepto
600 3330 682 3393 dieas
695 3330 805 3394 missae
820 3330 857 3394 cl>
871 3354 985 3394 caricas
997 3333 1181 3395 accessitatra
1194 3332 1237 3396 ab
1248 3333 1404 3419 Apcdoli-

163 3438 207 3501 cie
221 3435 482 3500 coriatituticnibua
492 3433 683 3519 appreciatus
692 3435 843 3498 rationem
856 3435 989 3499 labaret
1002 3437 1193 3499 sacerdotum
1203 3438 1404 3520 repulamum,

58 3542 63 3553 '
163 3564 202 3605 ue
221 3540 404 3626 praesertim
424 3539 556 3619 illormu,
579 3537 634 3622 qui
654 3538 691 3600 ia
709 3539 905 3624 puerperiliua
929 3538 1080 3603 cceuiobiia
1103 3562 1224 3604 moram
1244 3540 1403 3606 trcdruut.''

164 3646 314 3711 Ceterum
330 3666 403 3706 cum
418 3641 627 3706 declaraverit
641 3640 674 3707 S.
691 3643 904 3729 Congregutio
919 3643 1067 3724 Concilii,
1083 3647 1147 3708 “au
1155 3645 1257 3729 praxi
1267 3645 1405 3729 pertendi

158 3747 343 3835 presbyteria
374 3769 439 3810 riou
471 3746 594 3809 concedi
626 3747 840 3831 eleemosynarii
871 3747 1004 3832 recipere
1033 3771 1097 3833 pro
1129 3749 1268 3813 arcitada
1299 3752 1403 3830 nemra,

163 3852 281 3916 etiamsi
295 3852 332 3914 de
346 3851 408 3913 illia
422 3857 547 3933 affatur,
563 3850 618 3935 qui
633 3851 813 3936 parochiali
831 3874 954 3914 traiicere
972 3851 1113 3916 imtrueti
1130 3853 1201 3915 ideo
1219 3855 1404 3939 etipeiulium

158 3981 221 4043 pro
238 3957 348 4042 prima
368 3954 472 4019 Missa
492 3960 642 4039 acaricum
663 3954 804 4037 obtinere,
825 3957 908 4040 qircd
929 3979 997 4019 earu
1017 3979 1078 4042 pro
1099 3957 1223 4043 populo
1244 3959 1404 4044 applicare

163 4057 353 4141 tru.cuutur,'’
367 4058 415 4122 uti
429 4058 627 4122 notiliurtum
643 4066 690 4122 est
704 4082 760 4144 per
776 4059 898 4123 litteras
909 4060 1077 4125 circulares
1091 4062 1124 4126 S.
1138 4061 1403 4148 Congregatiouis

164 4165 204 4228 de
226 4162 440 4249 Propagandu
466 4162 549 4226 Fide
574 4162 627 4226 die
652 4166 692 4227 15
717 4162 867 4228 Octobris
891 4167 976 4228 1863
998 4163 1182 4229 Oulinariis
1202 4166 1402 4247 missionum,

164 4267 300 4354 quilibet
327 4267 393 4330 iam
419 4276 603 4352 praetextus
631 4266 746 4329 abusui
775 4267 912 4331 iterandi
941 4269 1071 4332 missam
1100 4267 1224 4333 intuitu
1253 4268 1400 4356 stipendii

164 4371 308 4436 sublatus
337 4380 395 4435 est.
453 4369 576 4433 Habita
603 4379 710 4433 tamen
739 4370 947 4455 peculiarium
973 4371 1186 4458 quarumdam
1215 4373 1402 4438 missionum

164 4474 473 4538 circumstantiarum
503 4474 633 4554 ratione,
656 4473 786 4538 SSmus.
810 4474 906 4538 Pater
935 4475 1086 4561 diguatus
1110 4486 1159 4539 est
1183 4477 1403 4542 auctoritatem

200 4626 275 4678 ¹Loe.
287 4627 332 4678 eit.
548 4624 652 4677 'tonsu
666 4625 830 4692 .·lpoalclieum
841 4628 1009 4692 ministerium,
1022 4628 1055 4679 30
1066 4627 1135 4679 Maii
1149 4630 1221 4695 1753,
1236 4629 1249 4693 ξ
1264 4632 1304 4682 11.
