3142 5242
517 494 573 541 nn
602 494 780 543 scnoms
809 496 1084 544 carnonrcm.
1350 482 1410 546 101

175 647 251 722 sibi
275 650 400 742 datae,
420 648 575 726 Christo
601 641 653 725 in¹
669 650 905 750 baptismate
925 660 1094 745 renatae,
1112 659 1152 728 et
1174 653 1279 728 coelo
1296 651 1411 728 desti·

174 772 300 858 natae,
343 766 611 841 educationem
651 793 742 843 vere
784 767 1049 844 Christianam
1091 774 1131 844 et
1173 768 1411 844 Catholicam

174 888 383 977 procurent
411 906 574 982 eamque
597 889 723 959 totam
753 909 798 959 ac
826 891 909 959 toto
935 883 1124 960 infantiae
1153 892 1194 961 et
1222 885 1412 985 pueritiae

174 1004 350 1096 tempore
377 1023 402 1072 a
430 997 614 1098 periculis
643 999 884 1075 educationis
913 1025 1020 1076 mere
1047 1001 1256 1077 saecularis
1283 1002 1411 1077 defen·

175 1113 272 1188 dant
303 1120 344 1188 et
376 1113 419 1188 in
448 1120 534 1190 tuto
563 1114 772 1208 collocent3
813 1123 928 1215 atque
957 1115 1046 1191 ideo
1076 1142 1164 1191 eam
1190 1116 1232 1191 iu
1261 1117 1412 1192 scholas

173 1229 414 1327 parochiales
440 1229 504 1305 vel
534 1230 633 1305 alias
653 1256 746 1306 vere
771 1231 991 1307 Catholicae
1017 1232 1187 1325 mittant,
1212 1232 1289 1307 nisi
1314 1232 1437 1307 forte

173 1343 402 1421 Ordinarius
445 1344 487 1420 in
530 1371 622 1421 casu
664 1346 893 1445 particulari
931 1347 1041 1423 aliud
1082 1347 1259 1448 permitti
1297 1373 1411 1448 posse

166 1459 327 1559 judicet.

223 1579 307 1656 197.
360 1580 445 1656 Has
479 1580 638 1680 quidem
676 1606 760 1657 esse
794 1580 944 1657 scholas
978 1581 1021 1657 in
1056 1582 1197 1682 quibus
1230 1590 1411 1683 parentes

170 1695 359 1795 permulti
388 1698 528 1773 saltem
558 1696 593 1772 si
623 1722 701 1773 non
734 1722 869 1773 omnes
899 1706 939 1774 et
966 1698 1058 1796 jure
1087 1724 1158 1774 suo
1188 1707 1343 1775 utentes
1371 1706 1412 1775 et

171 1811 294 1887 officio
317 1814 584 1913 obsequentes
604 1813 867 1889 Christianam
884 1814 1007 1913 prolis
1031 1840 1124 1890 suae
1141 1815 1410 1890 educationem

170 1953 355 2027 quaerere
381 1930 548 2006 debeant
571 1936 611 2005 et
634 1929 812 2006 invenire
837 1931 1000 2030 possint,
1022 1931 1108 2029 jam
1132 1930 1270 2007 Patres
1295 1930 1410 2007 Cone.

171 2043 281 2120 Plen.
309 2044 412 2120 Balt.
440 2046 473 2121 I.
498 2046 640 2122 lucidis
665 2047 796 2121 verbis
821 2054 1050 2123 statuerunt.
1114 2047 1279 2123 Decreto
1305 2047 1411 2122 enim

170 2180 267 2235 x111.
285 2162 439 2238 dicunt:
470 2163 724 2237 “Hortamur
741 2162 967 2262 Episcopos,
986 2171 1026 2239 et
1049 2163 1207 2240 attentis
1227 2163 1410 2263 gravissi·
1463 2231 1464 2235 ,

161 2275 246 2351 mis
265 2278 379 2352 malis
397 2304 496 2378 quae
517 2305 565 2353 ex
578 2279 789 2378 juventute
809 2279 915 2354 haud
932 2279 1008 2354 rite
1026 2279 1209 2355 instituta
1225 2279 1335 2379 sequi
1352 2304 1411 2354 so·

170 2392 264 2486 lent,
282 2394 520 2492 perviscera
545 2394 835 2471 misericordiae
861 2393 936 2470 Dei
962 2397 1218 2490 obsecramus,
1237 2403 1283 2471 ut
1304 2395 1412 2470 scho-

169 2509 230 2583 las
267 2510 475 2611 unicuique
509 2511 690 2587 ecclesiae
723 2510 766 2586 in
800 2536 935 2586 eorum
971 2511 1208 2586 dioecesibus
1242 2537 1412 2588 annexas

168 2623 429 2703 instituendas
472 2636 628 2721 curent;
672 2634 712 2702 et
753 2626 788 2702 si
823 2653 921 2725 opus
955 2628 1074 2703 fuerit
1106 2634 1146 2702 et
1178 2653 1311 2703 rerum
1344 2630 1410 2704 ad·

162 2741 303 2840 juncta
336 2743 479 2838 sinant,
513 2743 748 2843 provideant
790 2750 835 2819 ut
875 2744 1094 2819 redditibus
1128 2744 1308 2820 ecclesiae
1349 2744 1411 2820 cui

168 2858 302 2933 schola
336 2885 488 2935 annexa
516 2860 579 2953 sit,
615 2859 745 2936 idonei
788 2859 967 2959 magistri
1001 2859 1043 2934 in
1078 2886 1125 2935 ea
1157 2860 1409 2937 habeantur.”

169 2973 308 3050 Patres
334 3001 427 3051 vero
454 2977 568 3052 Conc.
595 2977 707 3053 Plen.
733 2975 838 3052 Balt.
866 2976 933 3068 11,
961 2975 1036 3052 No.
1061 2977 1148 3069 430,
1175 2978 1408 3053 docuerunt:

170 3090 409 3190 “Optimum
434 3118 539 3181 vero,
557 3094 679 3168 immo
705 3093 865 3168 unicum
890 3094 995 3191 quod
1020 3099 1199 3191 superest
1222 3092 1408 3187 medium,

168 3231 246 3306 quo
271 3208 516 3307 gravissimis
541 3210 647 3284 hisce
673 3208 789 3283 malis
815 3215 932 3307 atque
958 3208 1215 3284 incommodis
1245 3208 1410 3309 [scilicet

169 3322 319 3399 exitiali
343 3324 660 3400 indifferentismi
688 3325 769 3400 labi
796 3332 834 3401 et
861 3349 1017 3400 morum
1044 3324 1288 3423 corruptelae
1317 3325 1408 3423 (No.

167 3441 259 3540 426)
294 3465 448 3516 summo
482 3467 571 3516 cum
606 3442 740 3518 dolore
773 3440 1005 3541 deploratis]
1034 3449 1268 3534 occurratur,
1293 3440 1337 3516 in
1362 3466 1408 3517 eo

168 3557 291 3632 situm
308 3557 475 3652 videtur,
494 3565 537 3633 ut
563 3557 605 3633 in
631 3556 797 3657 singulis
822 3555 1072 3649 dioecesibus,
1092 3582 1408 3656 unamquamque

167 3696 292 3771 prope
316 3673 517 3749 ecclesiam
551 3674 705 3749 scholae
738 3673 939 3772 erigantur
971 3672 1014 3746 in
1048 3672 1189 3771 quibus
1217 3671 1406 3784 juventus

168 3787 369 3864 Catholica
392 3796 476 3865 tam
501 3789 626 3865 literis
643 3789 900 3888 ingenuisque
917 3788 1066 3863 artibus
1084 3814 1202 3888 quam
1219 3787 1408 3886 religione

168 3928 213 3978 ac
228 3904 363 4003 probis
381 3905 555 3981 moribus
572 3904 806 3981 imbuatur.”

219 4020 337 4097 Sacra
362 4022 481 4098 etiam
508 4021 764 4122 congregatio
791 4024 840 4098 de
866 4021 1127 4122 Propaganda
1152 4020 1260 4114 Fide,
1278 4022 1341 4098 die
1358 4023 1409 4098 24

169 4135 208 4211 N
209 4162 272 4213 ov.
293 4138 403 4233 1875,
422 4141 473 4215 ad
499 4137 714 4237 Episcopos
740 4145 893 4213 nostros
912 4137 1208 4213 instructionem
1231 4139 1270 4213 S.
1288 4138 1406 4236 Cong.

169 4252 302 4329 Sancti
319 4254 444 4330 Officii
464 4254 598 4347 misit,1
615 4279 692 4354 quo
717 4254 924 4329 Sacrorum
949 4252 1159 4329 Antistites
1187 4262 1406 4347 monentur,

169 4392 414 4470 quacumque
430 4370 585 4470 possint
600 4395 673 4469 ope
691 4376 808 4468 atque
828 4394 947 4468 opera
963 4368 1214 4444 commissum
1231 4369 1305 4444 sibi
1322 4394 1405 4468 gre·

169 4508 259 4583 gem
277 4487 327 4561 ab
345 4485 572 4563 educatione
589 4511 695 4561 mere
713 4484 901 4560 saeculari
927 4509 1067 4559 arcere.
1119 4484 1216 4559 Esse
1243 4492 1406 4559 “autem

205 4651 292 4707 ¹Vide
303 4655 494 4724 mAppeadrcc,
507 4671 533 4723 p.
545 4656 602 4714 279.
