3142 5242
430 486 484 531 DE
514 486 754 533 PUERORUM
779 489 1053 537 SEMINARIIS.
1319 475 1359 538 77

121 642 302 733 Profana,
329 648 368 715 et
401 641 631 739 praesertim
667 643 845 719 Historia
879 643 1024 735 Patria,
1052 670 1128 743 quo
1155 646 1222 719 fiat
1249 646 1358 720 utin

42 758 48 770 '
121 758 370 833 alumnorum
406 757 546 831 animis
582 758 737 834 Patriae
764 785 874 835 amor
899 762 999 835 bono
1026 761 1101 835 civi
1127 762 1359 836 conveniens

120 875 309 949 foveatur.
366 873 496 962 Quum
531 899 622 949 vero
667 875 915 975 Geographia
957 877 1095 952 merito
1141 879 1361 975 appelletur

121 991 254 1066 lumen
272 989 467 1083 historiae,
483 990 568 1089 ipsa
585 993 756 1089 profecto
772 1019 849 1068 non
868 993 943 1068 erit
961 993 1203 1091 negligenda.
1243 993 1360 1068 Simi-

121 1107 212 1181 liter
254 1106 533 1181 Mathematica
579 1108 866 1204 (Arithmetica
889 1110 1086 1218 'Algebra
1124 1110 1357 1202 Geometria,

121 1222 445 1320 Trigonometria)
476 1249 574 1321 quae
599 1223 800 1322 ingenium
827 1234 866 1300 et
891 1226 1147 1300 ratiocinandi
1176 1226 1256 1300 vim
1291 1252 1357 1324 ap·

121 1339 249 1437 prime
274 1339 377 1413 acuit
402 1364 445 1413 ac
471 1340 630 1437 perficit,
655 1341 908 1440 pluribusque
934 1367 981 1416 ex
1007 1342 1177 1416 scientiis
1202 1351 1357 1417 natura·

122 1454 225 1529 libus
260 1454 347 1529 usui
382 1463 451 1548 est,
484 1481 728 1554 nequaquam
764 1457 1111 1556 praetermittenda
1145 1457 1229 1533 erit.
1292 1461 1358 1534 Ad

121 1569 300 1645 scientias
318 1572 516 1646 naturales
533 1573 638 1670 quod
655 1573 795 1647 attinet
813 1573 1047 1672 (Physicam,
1063 1574 1180 1673 vulgo
1195 1575 1361 1677 Natural
1427 1649 1428 1654 ,

122 1688 346 1786 Philosophy,
365 1687 578 1780 Chemiam,
607 1688 826 1764 Historiam
854 1689 891 1763 N
895 1691 1096 1782 aturalem,
1117 1690 1356 1790 Geologiam,

120 1803 434 1901 Astronomiam)
452 1829 551 1902 quae
568 1804 711 1879 nostris
729 1806 970 1903 temporibus
988 1807 1082 1881 adeo
1101 1807 1356 1900 celebrantur,

120 1928 280 1995 eatenus
315 1897 453 1994 sallem
488 1921 671 1996 colendae
705 1929 828 2014 erunt,
861 1929 905 1996 ut
938 1923 1088 1997 alumni
1122 1922 1356 1998 curriculum

119 2035 268 2111 emensi
287 2061 363 2109 non
382 2036 461 2110 sint
477 2036 603 2134 ignari
621 2063 754 2111 eorum
773 2064 872 2137 quae
889 2038 1068 2136 ignorare
1086 2038 1171 2113 viro
1197 2040 1358 2114 honeste

120 2151 299 2227 instituto
323 2148 502 2227 'dedecori
526 2156 687 2228 cederet.
741 2154 957 2246 Praeterea,
976 2181 1096 2253 quum
1115 2181 1139 2228 a
1157 2154 1358 2230 neotericis

120 2269 194 2343 sub
220 2269 361 2343 harum
388 2268 637 2343 scientiarum
657 2270 876 2345 velamento
904 2278 962 2344 tot
987 2295 1164 2345 errorum
1182 2278 1358 2345 monstra

120 2387 171 2460 ad
189 2386 457 2460 labefactanda
474 2384 562 2459 fidei
576 2385 831 2460 fundamenta
847 2386 888 2460 in
907 2386 1080 2462 medium
1098 2388 1355 2484 proferantur,

120 2501 280 2576 omnino
314 2501 472 2599 expedit
505 2508 550 2576 ut
582 2501 750 2600 ingeniis
784 2503 1010 2577 clericorum
1053 2502 1356 2578 adolescentium

120 2619 347 2693 earumdem
381 2617 629 2693 scientiarum
665 2618 889 2693 rudimenta
917 2618 1140 2693 inserantur
1169 2627 1355 2717 tanquam

120 2734 271 2810 semina
311 2736 572 2833 postmodum,
608 2759 784 2809 errorum
827 2735 1014 2809 efficacius
1054 2735 1355 2809 refellendorum

120 2875 247 2942 causa,
265 2850 466 2949 magisque
492 2851 718 2926 evolvenda.

171 2970 256 3042 150.
290 2967 348 3042 Ut
374 2975 502 3042 autem
533 2966 617 3063 jam
644 2969 694 3042 ab
720 2967 980 3043 adolescentia
1013 2967 1254 3042 clericalibus
1281 2967 1354 3042 ini·

120 3083 268 3158 tientur
296 3083 480 3175 moribus,
508 3082 613 3157 etin
640 3083 891 3158 caeremoniis
917 3084 1089 3181 graviter
1114 3091 1154 3157 et
1179 3092 1354 3159 accurate

120 3200 372 3275 observandis
397 3208 646 3274 exerceantur
671 3200 832 3292 alumni,
858 3199 977 3273 sacris
1002 3199 1135 3274 officiis
1158 3198 1200 3274 in
1224 3200 1354 3274 sacelli

119 3316 236 3391 choro
262 3315 485 3390 inservient.
551 3315 599 3389 In
628 3315 754 3391 Cautn
785 3315 1025 3414 Gregoriano
1055 3317 1215 3414 insuper
1248 3341 1353 3390 exer·

119 3439 280 3508 ceantur
302 3456 374 3531 per
397 3431 593 3530 integrum
619 3432 864 3507 curriculum.
917 3430 1029 3505 Artis
1055 3431 1224 3506 musicae
1240 3457 1353 3530 gene·

120 3549 236 3624 ratim
254 3550 545 3624 commendetur
562 3548 699 3623 cultus.
753 3547 929 3646 Denique
952 3547 993 3620 in
1012 3546 1176 3645 singulis
1195 3547 1352 3622 minori·

120 3665 192 3741 bus
218 3665 438 3739 seminariis
459 3664 632 3739 scholam
649 3664 931 3738 instituendam
958 3688 1042 3739 esse
1062 3663 1258 3760 jubemus,
1277 3689 1354 3762 qua

121 3807 184 3857 ars
210 3782 363 3856 tabulas
387 3780 532 3879 accepti
558 3788 597 3856 et
621 3780 781 3877 expensi
804 3778 1030 3854 conficiendi
1048 3780 1348 3879 (Boot-loccpinp)

120 3907 279 3974 eatenus
301 3899 480 3973 tradatur
505 3905 549 3972 ut
573 3896 695 3972 futuri
722 3898 938 3970 sacerdotes
964 3895 1005 3968 in
1032 3895 1353 3970 administrandis

119 4015 231 4090 bonis
255 4014 537 4113 temporalibus
563 4013 711 4088 codices
737 4011 881 4111 accepti
907 4020 947 4086 et
972 4013 1130 4108 expensi
1157 4019 1353 4086 accurrate

119 4138 158 4206 et
177 4132 293 4230 juxta
316 4131 493 4207 ordinem
519 4130 695 4228 redigere
720 4129 854 4204 sciant.
1189 4208 1195 4217 ,

170 4250 255 4322 151.
289 4246 413 4323 Porro
440 4255 484 4321 ut
513 4247 731 4321 studiorum
757 4244 992 4319 curriculum
1023 4244 1202 4342 expedito
1234 4244 1350 4317 simul

119 4369 159 4439 et
182 4363 294 4439 felice
317 4388 453 4462 gressu
487 4363 726 4454 decurratur,
754 4386 908 4435 summa
933 4386 1025 4434 cura
1051 4360 1281 4452 adhibenda,
1310 4367 1353 4433 ut

119 4480 317 4578 praedicta
350 4479 480 4554 studia
513 4486 594 4553 tam
639 4477 764 4552 multa
797 4484 837 4552 et
871 4476 1025 4551 diversa
1067 4476 1352 4550 accommodate

119 4594 403 4671 distribuantur
442 4604 481 4670 et
518 4593 756 4669 ordinentur.
809 4594 868 4669 Eo
901 4594 978 4667 fine
1012 4592 1230 4667 studiorum
1264 4616 1351 4690 pro-
