3142 5242
583 467 638 513 11
666 466 988 513 socrnrxrraus.
1342 452 1404 514 139
1470 490 1473 496 -

167 621 389 697 obedientia
414 624 465 698 ad
489 621 622 697 omnia
647 629 795 720 parata,
813 621 870 696 rei
897 621 1093 697 faciendae
1113 621 1263 697 ratione
1281 629 1320 698 et
1336 622 1402 696 ho·

168 745 318 812 aestate
344 763 413 813 nec
430 738 516 813 visa
541 762 611 813 nec
635 745 779 831 curata,
797 736 882 812 sine
902 737 1021 813 dubio
1043 763 1154 812 caeca
1171 745 1209 812 et
1225 739 1404 814 absoluta

168 853 243 929 erit
259 854 528 930 existimanda.

217 971 303 1046 248.
340 969 447 1045 Hine
462 978 572 1070 patet
587 971 677 1046 illas
694 969 894 1046 societates
914 971 1005 1069 jure
1022 971 1170 1068 optimo
1188 972 1403 1072 meritoque

167 1088 285 1163 fuisse
312 1088 361 1162 ab
386 1087 615 1185 Apostolica
639 1087 737 1162 Sede
763 1088 980 1163 damnatas.
1033 1087 1137 1175 Quid
1155 1088 1260 1163 enim
1277 1089 1402 1188 magis

168 1205 252 1278 istis
278 1203 434 1279 exitiale
458 1203 500 1278 in
527 1203 740 1278 Ecclesiam
771 1210 840 1278 aut
869 1203 1022 1279 Statum
1058 1203 1221 1279 existere
1251 1205 1403 1304 possit?

168 1320 271 1411 Quid
315 1321 365 1395 ad
407 1345 562 1395 omnem
606 1320 751 1394 malam
795 1326 943 1418 pestem
986 1321 1249 1418 generandam
1287 1330 1403 1420 atque

166 1438 375 1512 fovendam
401 1436 527 1536 magis
553 1438 915 1511 accommodatum?
967 1437 1015 1511 In
1040 1462 1173 1512 eorum
1192 1437 1296 1512 enim
1314 1463 1402 1513 con·

166 1553 372 1629 venticulis
390 1553 546 1629 secretis
563 1552 639 1627 viri
665 1551 809 1652 perditi
826 1577 870 1628 ac
886 1553 1018 1628 callidi
1042 1553 1212 1650 pessima
1229 1581 1403 1653 quaeque

166 1677 301 1746 contra
317 1671 463 1745 bonurn
480 1668 716 1768 reipublicae
737 1694 867 1744 sacrae
884 1676 923 1744 et
940 1668 1066 1744 civilis
1084 1669 1213 1743 moliri
1232 1678 1401 1769 possent,

167 1794 207 1863 et
239 1786 272 1861 si
309 1786 504 1862 Ecclesiae
532 1786 599 1884 jus
628 1784 860 1891 inspiciendi
895 1810 972 1859 non
1003 1793 1240 1883 competeret
1269 1787 1401 1862 nullus

167 1903 273 1979 loeus
325 1902 548 2002 applicandi
590 1887 764 1978 remedia
807 1910 907 1977 esset
948 1902 1117 1977 relictus.
1186 1902 1227 1978 Si
1272 1913 1401 1982 autem

166 2019 353 2119 adscripti
379 2020 435 2094 nil
461 2019 557 2095 mali
574 2019 614 2093 in
634 2018 689 2093 eis
715 2026 844 2117 agant,
862 2025 1001 2093 exeant
1018 2043 1039 2092 e
1056 2020 1235 2096 tenebris
1290 2027 1311 2063 “
1327 2021 1402 2111 oui

166 2136 271 2213 enim
298 2136 503 2212 veritatem
533 2135 636 2228 facit,
661 2134 771 2210 venit
800 2136 850 2210 ad
880 2134 1017 2210 lucem.
1071 2135 1146 2226 oui
1177 2162 1269 2211 vero
1301 2137 1403 2213 male

166 2252 259 2352 agit,
286 2253 370 2327 odit
394 2252 556 2327 lucem.”
610 2252 789 2350 Ideoque,
817 2250 850 2325 si
885 2276 962 2325 non
989 2252 1150 2327 veniant
1180 2255 1230 2328 ad
1264 2252 1402 2348 lucem,

165 2367 376 2468 reputandi
402 2375 494 2442 sunt
518 2367 620 2441 iuter
645 2366 823 2441 homines
848 2366 949 2458 11101,
976 2368 1024 2442 de
1057 2368 1197 2466 quibus
1224 2369 1404 2445 Salvator

165 2485 285 2562 dixit:
323 2492 344 2527 “
360 2484 592 2559 Dilexerunt
618 2482 743 2582 magis
771 2483 949 2558 tenebras
978 2509 1095 2583 qnam
1126 2484 1264 2577 lucem,
1291 2495 1404 2562 erant

165 2601 271 2678 enim
291 2602 396 2675 mala
416 2625 535 2699 opera
555 2599 725 2675 eorum.”
783 2599 994 2698 (Joan.111.
1015 2603 1087 2701 19.)
1144 2600 1251 2677 Hinc
1276 2603 1401 2678 decla·

164 2718 269 2794 ravit
292 2718 478 2792 Summus
504 2715 685 2791 Pontifex
702 2716 782 2791 Leo
800 2715 921 2791 XII.:
967 2722 988 2758 “
1001 2716 1026 2790 J
1029 2717 1283 2815 usjurandum
1302 2718 1402 2794 illud

166 2834 370 2926 nefarium,
382 2835 486 2933 quod
498 2834 583 2931 jam
597 2840 856 2908 memoratum
870 2839 939 2927 est,
954 2835 1132 2932 quodque
1144 2833 1187 2908 in
1200 2833 1271 2908 illa
1283 2835 1402 2910 etiarn

165 2950 339 3026 inferiori
358 2950 600 3049 coaptatione
611 2948 740 3047 jurari
758 2950 882 3042 debet,
897 2949 991 3023 satis
1004 2975 1076 3047 per
1091 2975 1133 3025 se
1150 2951 1402 3043 1111111111-

165 3067 297 3166 ligatis
324 3068 431 3140 nefas
457 3065 575 3141 etiam
593 3091 677 3157 esse
695 3064 905 3140 levioribus
922 3065 1003 3140 illis
1019 3067 1206 3164 gradibus
1224 3067 1402 3162 adscribi,

165 3191 282 3283 atque
299 3182 340 3256 in
359 3182 407 3256 111
421 3180 605 3257 versari.'’
646 3181 754 3280 (Litt.
770 3183 875 3279 App.
893 3183 969 3271 qao
981 3184 1177 3282 praviora.)
1217 3183 1255 3257 N
1257 3208 1299 3259 ec
1315 3184 1414 3284 quis'

165 3300 270 3376 dicat
294 3299 356 3373 his
382 3297 523 3373 mediis
548 3297 770 3397 promoveri
791 3323 1039 3396 progressum
1057 3299 1210 3397 generis
1229 3301 1401 3377 humani.

166 3416 273 3492 Illud
288 3415 392 3490 enim
406 3440 529 3514 genus
546 3414 763 3489 humanum
776 3416 880 3513 quod
895 3414 1190 3512 Redemptionis
1205 3416 1403 3516 ipsiusque

165 3541 327 3608 naturae
345 3531 385 3606 vi
403 3530 529 3606 tendit
545 3532 596 3605 ad
614 3555 748 3622 unum,
767 3531 818 3605 ad
834 3529 1072 3629 colligendos
1098 3531 1243 3606 scilicet
1269 3558 1403 3608 omnes

164 3648 343 3724 homines
368 3647 410 3722 in
436 3658 555 3721 unam
581 3645 692 3745 quasi
717 3645 908 3721 familiam
926 3645 1049 3721 veluti
1083 3646 1246 3723 totidem
1264 3650 1403 3725 fratres

165 3765 238 3841 sub
255 3790 333 3840 uno
351 3761 548 3838 communi
566 3761 695 3866 Patre,
709 3761 874 3860 illosque
890 3761 932 3836 in
951 3787 1073 3836 unum
1087 3763 1310 3839 retinendos
1323 3791 1402 3840 arc·

164 3882 216 3958 tis
235 3879 400 3955 vinculis
417 3886 574 3976 apertae
591 3877 836 3971 sinceritatis,
858 3902 1003 3976 aequae
1019 3880 1200 3954 omnibns
1215 3881 1403 3979 justitiae,

165 4024 209 4074 ac
234 3995 468 4073 universalis
494 3993 661 4087 amoris3
686 3992 794 4069 istud
818 4019 942 4092 genus
967 3995 1184 4070 humanum
1209 4000 1403 4095 quomodo

165 4120 432 4215 promovetur,
453 4136 575 4211 quum
601 4110 734 4185 videat
758 4118 913 4184 econtra
940 4110 1108 4186 lacerata
1132 4138 1203 4186 sua
1229 4115 1404 4189 membra

165 4221 282 4330 atque
316 4228 487 4326 disjecta,
518 4226 697 4301 homines
730 4225 877 4301 scilicet
908 4227 958 4301 ab
992 4226 1216 4303 hominibus
1259 4239 1403 4306 secreto

165 4346 324 4439 divisos,
342 4345 392 4419 ab
409 4342 542 4418 officiis
559 4341 747 4436 veritatis
758 4341 937 4439 justitiae
954 4350 994 4416 et
1009 4343 1182 4447 caritatis
1200 4345 1289 4419 aliis
1306 4346 1404 4421 alios

165 4460 471 4553 excludentibus,
489 4458 523 4533 si
548 4458 648 4533 forto
672 4456 776 4532 inter
801 4481 890 4532 suos
911 4459 1088 4556 gregales
1113 4485 1192 4534 non
1218 4463 1403 4536 adnume-

165 4579 334 4653 rentur?
386 4576 438 4650 Et
458 4576 509 4650 ad
536 4573 647 4648 illam
664 4598 816 4648 caecam
834 4574 1128 4672 absolutamque
1145 4577 1404 4651 obedientiam
