3142 5242
175 459 216 522 70
300 474 485 521 TITULUS
511 474 666 522 v.-1>E
694 474 975 522 OLERICORUM
1006 472 1306 521 Enucu'mon'n.

173 630 357 728 Patribus
376 632 424 704 de
441 629 668 705 clericorum
694 629 920 735 educatione
943 638 983 705 et
1005 628 1261 704 instructione
1282 631 1408 704 decer·

172 772 285 838 nerc;
313 747 506 845 siquidem
532 746 573 821 in
599 754 705 821 recta
729 747 869 821 horum
903 745 1148 822 institutione
1172 751 1285 821 tanta
1309 745 1411 821 inest

172 862 231 937 vis
258 864 309 937 ad
333 862 528 961 reliquum
556 863 658 938 vitae
684 888 852 938 cursum.
908 862 1019 962 (Pius
1045 861 1133 956 ΙΧ.,
1160 861 1320 963 Encycl.
1341 862 1411 953 Qui

166 980 344 1080 pluribus,
362 981 387 1054 9
404 978 443 1052 N
445 1004 518 1073 or,
538 980 662 1077 1846.)

641 1419 859 1494 CAPUT
895 1419 916 1494 Ι
931 1480 938 1496 .

485 1604 548 1676 Dr,
575 1604 807 1678 Poenorum
836 1603 1096 1679 Summanus.

289 1725 305 1763 ἱ

220 1789 304 1862 136.
340 1786 663 1884 Quandoquidem
690 1789 867 1862 sacerdos
892 1787 1012 1862 telem
1038 1787 1270 1887 plerumque
1291 1789 1407 1864 habet

168 1903 314 1977 exitum
333 1902 374 1976 iu
392 1903 485 1995 vita,
504 1903 617 2000 quale
634 1901 771 1976 habuit
787 1901 944 1976 initium
963 1929 986 1977 a
1004 1901 1192 2001 pueritia,
1218 1915 1261 1979 et
1283 1906 1405 1980 “ado-

169 2019 314 2093 lescens
326 2018 442 2117 juxta
455 2018 561 2092 viam
576 2044 698 2109 suam,
714 2017 832 2093 etiam
850 2043 939 2093 curn
957 2018 1140 2113 senuerit,
1158 2044 1237 2095 non
1255 2023 1408 2098 recedet

167 2136 216 2209 ab
251 2135 328 2210 ea”
378 2136 511 2233 (Prov.
547 2157 654 2209 xxm.
689 2137 745 2233 6),
781 2134 914 2233 magni
949 2137 1120 2233 profecta
1154 2135 1329 2231 interest,
1364 2144 1407 2213 ut

167 2251 362 2326 Ecclesiae
387 2251 510 2327 futuri
536 2250 706 2325 ministri
733 2276 757 2326 a
781 2250 926 2326 teneris
960 2251 1181 2351 unguiculis
1214 2252 1405 2352 singulari

166 2368 295 2442 studio
310 2370 361 2443 ad
375 2367 559 2466 pietatem
574 2376 613 2442 et
626 2367 841 2442 doctrinam
856 2367 1125 2444 informentur.
1158 2368 1406 2469 Quapropter

166 2485 354 2583 parochos
379 2492 602 2582 ceterosque
628 2486 844 2559 sacerdotes
872 2484 1077 2560 hortamur
1101 2484 1143 2560 in
1171 2485 1343 2562 Domino
1368 2496 1407 2564 et

164 2600 278 2676 enixe
294 2626 490 2699 rogamus,
505 2607 549 2676 ut
566 2600 774 2698 diligenter
791 2600 967 2675 animum
984 2600 1193 2679 intendant
1210 2605 1261 2678 ad
1278 2603 1403 2704 inqui-

163 2720 305 2793 rendos
340 2717 696 2816 dignoscendosque
730 2716 834 2792 inter
859 2743 1000 2816 pueros
1035 2744 1128 2794 suae
1153 2744 1269 2796 curae
1304 2746 1404 2796 com·

164 2835 314 2926 missos,
349 2833 416 2933 qui
452 2835 502 2908 ad
544 2833 719 2908 clericale
761 2833 995 2932 tyrocinium
1039 2834 1170 2910 idonei
1205 2843 1245 2912 et
1281 2838 1401 2913 vocat'

164 2950 382 3026 videantur.
436 2950 476 3025 Si
504 2975 600 3049 (lues
625 2950 843 3047 repererint
875 2975 1018 3049 pueros
1054 2951 1213 3028 “bonae
1248 2953 1403 3045 indolis,

164 3066 251 3165 piae
287 3067 441 3158 mentis,
473 3066 602 3142 devoti
637 3065 891 3165 generosique
925 3066 1047 3141 animi
1083 3075 1194 3166 aptas
1229 3071 1402 3145 studiis”

169 3183 303 3280 (Instr.
326 3185 376 3257 ad
400 3183 485 3258 Vic.
507 3184 612 3280 App.
639 3183 681 3256 in
706 3207 828 3280 regna
853 3182 1049 3277 Sinarum,
1076 3183 1198 3259 Tonk.
1224 3193 1265 3261 et
1290 3187 1403 3263 Coch.

165 3299 479 3399 proficiscentes),
498 3299 564 3398 qui
585 3325 695 3397 spem
718 3300 883 3373 afferant
900 3325 965 3374 eos
984 3300 1250 3376 ecclesiasticis
1269 3304 1402 3379 minis·

163 3417 272 3492 teriis
305 3424 493 3514 perpetuo
536 3415 803 3509 inservituros,
839 3416 1017 3490 nutriant
1051 3415 1210 3492 illorum
1254 3421 1400 3512 zelum3

164 3533 335 3632 pretiosa
369 3533 439 3607 illa
472 3531 686 3606 vocationis
721 3531 899 3631 germina
933 3534 1068 3607 sedulo
1106 3534 1288 3628 foveant;
1331 3562 1402 3635 pro

163 3657 327 3748 paterna
343 3649 504 3723 caritate
523 3650 573 3723 ad
598 3648 783 3746 pietatem
802 3657 841 3723 et
859 3649 1051 3724 elementa
1067 3650 1321 3728 scientiarum
1338 3679 1402 3729 eos

163 3767 385 3858 informent,
413 3768 463 3839 ad
494 3764 624 3839 studia
654 3764 826 3851 incitent,
854 3792 878 3839 a
908 3766 1050 3841 saeculi
1081 3767 1271 3865 contagiis
1297 3770 1400 3843 solli-

163 3883 237 3958 cite
254 3888 430 3972 arceant3
459 3888 639 3979 parentes
657 3881 764 3978 ipsos
790 3888 976 3955 moneant
1000 3891 1045 3957 ut
1070 3882 1170 3957 filios
1188 3884 1400 3960 dummodo

163 3999 277 4097 signa
319 4023 435 4072 verae
482 3996 694 4071 vocationis
742 3999 961 4091 ostendant,
1005 4001 1055 4074 ad
1102 3998 1400 4097 ingrediendum

163 4122 310 4190 statum
345 4113 562 4188 clericalem
598 4121 729 4188 sancte
763 4114 972 4206 inducant;
1008 4115 1207 4190 obstacula
1241 4119 1398 4192 demum

162 4256 362 4306 removere
393 4237 574 4327 satagant
602 4255 701 4328 quae
731 4255 809 4304 non
837 4255 925 4304 raro
954 4257 1001 4306 ex
1030 4230 1202 4306 familiae
1229 4243 1398 4331 egestate

161 4348 353 4423 oriuntur.
419 4345 549 4435 Quum
575 4352 706 4420 autem
732 4346 913 4443 expedire
936 4347 1142 4438 videbitur,
1170 4348 1281 4424 utin
1308 4376 1397 4449 pue·

162 4490 296 4540 rorum
322 4462 576 4538 seminarium
607 4462 826 4555 mittantur,
854 4464 902 4537 de
932 4471 1139 4561 parentum
1170 4474 1287 4560 statu,
1310 4492 1396 4542 cen·

163 4580 320 4670 ditione,
356 4579 529 4652 moribus
572 4585 611 4651 et
652 4577 849 4676 religione,
895 4578 1144 4677 ipsorumque
1186 4605 1396 4679 puerorum
