3204 5242
187 448 252 512 270
682 464 926 513 arrnnmx.

186 622 316 708 quando
338 621 379 687 ad
402 621 521 686 sactum
543 622 583 686 de
605 622 808 686 matrimonio
830 621 987 687 celebrato
1008 621 1292 687 extraiudicialiter
1309 622 1426 687 confir-

186 726 349 808 mandum,
380 736 487 791 tamen
517 725 615 790 iudex
644 725 828 808 catholicus,
852 725 910 812 qui
938 725 980 790 de
1007 726 1177 790 existentia
1205 724 1259 791 vel
1289 724 1330 791 de
1358 748 1426 790 non

185 830 353 895 existentia
367 830 588 915 impedimenti
602 829 789 894 sententiam
805 828 928 894 laturus
942 829 1013 913 erit,
1027 829 1152 895 curabit
1166 839 1203 894 ut
1217 829 1252 894 in
1268 828 1427 895 iudicium

184 943 386 1020 compareant
411 945 526 1020 partes,
549 942 643 998 testes
668 933 725 1021 qui
751 933 949 998 matrimonii
972 933 1173 1000 celebrationi
1197 933 1425 1016 interfuerunt,

185 1038 356 1123 propinqui
372 1061 481 1103 eorum
496 1039 553 1123 qui
568 1047 806 1119 contraxerunt,
821 1061 879 1102 nec
893 1061 959 1102 non
974 1061 1083 1103 omnes
1096 1061 1177 1125 quos
1191 1039 1321 1102 sciverit
1335 1037 1377 1102 de
1391 1061 1426 1102 re

184 1141 365 1225 instructoe,
381 1151 418 1207 ut
432 1143 540 1208 omnia
554 1142 677 1228 possint
690 1141 836 1228 cognosci
850 1165 932 1228 quae
945 1142 987 1207 ad
1005 1141 1126 1207 factum
1140 1142 1200 1206 rite
1215 1132 1425 1206 iudicandum

184 1245 358 1311 conducere
372 1255 533 1332 poterunt

229 1351 320 1426 §aa
351 1344 504 1431 Quodsi
533 1349 732 1437 praedictum
762 1350 1027 1436 impedimentum
1057 1359 1165 1415 ortum
1194 1359 1354 1415 asseratur
1384 1373 1426 1415 ex

183 1454 388 1541 sponsalibus
408 1477 483 1518 cum
505 1476 640 1540 persona
660 1453 753 1518 alteri
770 1454 855 1540 parti
869 1455 1102 1541 consanguinea
1117 1454 1152 1517 in
1166 1454 1270 1540 gradu
1285 1454 1427 1539 impedi·

135 1622 140 1635 ,
184 1568 329 1622 mentum
350 1559 562 1623 constituente
582 1558 761 1642 contractis
775 1557 817 1622 ad
831 1557 987 1622 iudicium
1005 1556 1233 1644 proferendum
1247 1556 1315 1622 duc
1328 1567 1427 1622 erunt

184 1661 384 1748 inquirenda,
399 1661 548 1727 videlicet
561 1672 672 1726 utrum
687 1684 800 1727 revera
812 1672 931 1727 asserta
944 1661 1106 1748 sponsalia
1120 1660 1227 1726 locum
1241 1660 1425 1744 habuerint,

183 1775 215 1830 et
235 1778 345 1831 utrum
367 1765 477 1831 valida
497 1764 533 1830 in
554 1788 648 1830 sensu
669 1765 820 1830 canonico
842 1765 952 1830 haberi
973 1766 1105 1852 possint.
1151 1764 1301 1830 Primum
1322 1764 1426 1830 dedu-

182 1869 319 1935 cendum
349 1871 411 1934 erit
438 1892 480 1934 ex
509 1871 650 1956 partium
686 1869 890 1952 confessione,
920 1868 1097 1934 dummodo
1132 1867 1194 1935 hae
1222 1870 1426 1956 exceptiones

182 1973 317 2039 minime
344 1974 517 2060 patiantur,
543 1996 585 2039 ex
613 1972 813 2038 documentis
838 1973 866 2037 si
890 1972 1077 2056 habeantur,
1103 1995 1145 2038 ex
1169 1974 1301 2038 testium
1326 1971 1426 2038 fidem

182 2078 373 2143 merentium
398 2076 661 2163 depositionibus,
687 2100 745 2142 nec
769 2098 836 2142 non
861 2076 989 2141 indiciis
1013 2100 1096 2163 quae
1120 2077 1219 2142 iudex
1244 2077 1369 2164 peritus
1394 2087 1427 2143 et

183 2193 334 2268 expertus
354 2180 509 2246 deducere
530 2182 648 2267 poterit
668 2203 710 2246 ex
731 2181 977 2245 circumstantiis
998 2203 1080 2267 quae
1101 2181 1186 2246 sacta
1207 2181 1355 2268 exposita
1368 2191 1427 2248 aut

182 2295 418 2374 praecesserunt
431 2293 488 2350 aut
500 2285 686 2350 subsecutae
699 2294 786 2351 sunt
827 2283 883 2350 Ad
898 2284 1073 2350 secundum
1084 2285 1299 2372 probandum,
1309 2296 1425 2352 utrum

181 2389 333 2456 videlicet
356 2400 475 2454 asserta
497 2389 659 2475 sponsalia
681 2389 792 2456 valida
816 2388 938 2454 suerint
963 2389 998 2453 in
1023 2412 1119 2454 sensu
1142 2390 1303 2472 canonico,
1326 2391 1426 2476 plura
1506 2388 1513 2404 ⁹

181 2503 277 2561 erant
297 2492 410 2558 sedulo
431 2491 664 2580 perpendenda.
709 2493 798 2558 Ante
819 2494 928 2558 omnia
949 2492 1048 2557 iudex
1069 2515 1147 2580 prae
1169 2493 1272 2559 oculis
1295 2492 1424 2578 habeat,
1491 2534 1500 2554 .

180 2596 268 2685 quod
287 2620 329 2663 ex
351 2620 411 2661 usu
431 2606 463 2662 et
481 2596 709 2662 consuetudine
730 2596 797 2662 fere
815 2597 851 2661 in
872 2597 1009 2684 singulis
1030 2596 1108 2662 locis
1127 2597 1278 2683 speciales
1295 2598 1426 2685 aliquae

181 2702 302 2767 formae
322 2725 383 2788 pro
404 2701 539 2766 solemni
564 2702 762 2787 sponsalium
791 2701 1000 2767 celebratione
1029 2700 1178 2766 inductae
1206 2702 1424 2788 reperiuntur,

180 2830 262 2895 quae
282 2807 493 2871 communiter
514 2814 547 2871 et
567 2806 756 2891 regulariter
776 2806 818 2870 ab
840 2806 989 2870 omnibus
1010 2806 1131 2870 servari
1146 2806 1259 2871 solent.
1305 2806 1425 2894 Itaque

181 2910 411 2997 inquirendum
432 2910 503 2994 erit,
528 2921 640 2974 utrum
662 2909 740 2974 istae
762 2909 883 2974 formae
896 2910 1027 2992 fuerint,
1049 2932 1107 2974 nec
1128 2932 1179 2994 ne,
1195 2913 1367 2991 'servatae3
1396 2911 1424 2976 si

182 3015 335 3102 primum,
357 3015 574 3101 praesumptio
603 3038 663 3101 pro
691 3014 890 3100 sponsalium
911 3013 1021 3080 valore
1049 3013 1162 3097 aderit,
1183 3024 1295 3079 contra
1324 3038 1424 3103 quam

182 3143 348 3204 nunquam
370 3120 432 3183 erit
452 3117 670 3201 iudicandum,
686 3119 748 3183 nisi
770 3141 812 3183 ex
833 3119 926 3183 certis
947 3126 980 3183 et
1000 3118 1203 3184 evidentibus
1223 3121 1424 3204 argumentis

181 3223 342 3309 sponsalia
364 3223 498 3287 nulliter
518 3232 679 3288 contracta
700 3223 798 3287 fuisse
821 3223 1020 3304 constiterit3
1050 3222 1078 3286 si
1099 3222 1285 3304 secundum,
1308 3223 1419 3310 inqui-

181 3325 318 3391 rendum
333 3328 403 3409 erit,
418 3350 483 3414 qua
497 3326 537 3390 de
551 3349 645 3390 causa
659 3337 824 3391 consuetae
838 3326 958 3390 formae
971 3325 1092 3390 fuerint
1105 3327 1248 3408 omissae,
1264 3335 1296 3391 et
1310 3337 1423 3392 utrum

181 3455 240 3519 pro
255 3454 472 3517 personarum,
490 3431 642 3512 locorum,
657 3439 690 3494 et
708 3428 973 3495 consuetudinum
994 3431 1238 3494 circumstantiis
1261 3432 1424 3517 sponsalia

181 3536 392 3600 nihilominus
406 3535 514 3600 valide
536 3534 655 3598 fuerint
677 3543 845 3617 contracta,
861 3557 899 3598 cc
913 3533 1000 3621 quod
1023 3535 1174 3621 utrinque
1187 3534 1340 3600 voluntas
1357 3559 1424 3601 sese

181 3638 346 3725 obligandi
376 3661 451 3703 vere
480 3638 698 3720 intercesserit,
722 3649 817 3725 atque
845 3638 892 3703 ita
921 3647 958 3702 ut
982 3661 1024 3703 ex
1053 3638 1123 3703 iure
1152 3638 1422 3725 impedimentum

180 3746 383 3809 constituant.
430 3742 473 3806 111
498 3742 584 3806 huno
610 3744 707 3807 finem
733 3752 857 3829 praeter
881 3743 947 3807 alia
971 3743 1188 3829 quaerendum
1217 3752 1274 3827 est,
1301 3745 1423 3831 quibus

180 3848 298 3929 verbis
321 3848 373 3912 vel
397 3848 488 3911 factis
513 3846 576 3911 sibi
605 3847 752 3910 futurum
782 3848 1024 3911 matrimonium
1053 3848 1259 3933 promiserint
1269 3874 1277 3929 ;
1308 3860 1421 3913 utrum
1500 3827 1510 3844 ⁴

180 3952 349 4038 promissio
371 3951 412 4015 ab
435 3962 569 4037 utraque
590 3963 680 4037 parte
701 3952 887 4037 processerit
897 3977 906 4033 3
928 3961 961 4015 et
977 3953 1006 4015 si
1021 3951 1062 4015 ab
1077 3973 1141 4015 una
1156 3960 1293 4034 tantum,
1309 3965 1421 4019 utrum

179 4057 243 4121 alia
264 4080 334 4121 eam
356 4056 566 4140 acceptaverit
587 4057 656 4122 sive
670 4056 787 4138 verbis,
802 4057 870 4120 sive
893 4055 994 4136 sactis,
1010 4056 1079 4119 sive
1093 4056 1193 4140 signis
1215 4057 1422 4142 aequivalen-

179 4161 266 4226 tibus
279 4186 289 4243 ;
311 4170 420 4225 utrum
436 4170 509 4246 post
522 4160 630 4224 datam
644 4161 886 4246 promissionem
901 4159 1058 4247 praetensi
1073 4160 1182 4245 sponsi
1199 4163 1424 4246 reputaverint

179 4288 246 4329 sese
275 4265 481 4329 matrimonio
510 4263 725 4329 contrahendo
750 4264 917 4351 obligatos
943 4288 985 4329 an
1015 4262 1141 4328 liberos,
1187 4263 1263 4329 Erit
1291 4289 1424 4352 quoque

178 4367 408 4456 inquirendum
427 4368 468 4433 de
487 4392 677 4454 sponsorum
697 4368 887 4452 conditione,
902 4379 1012 4432 utrum
1035 4368 1155 4432 scilicet
1172 4368 1296 4438 catalis
1319 4371 1363 4433 sit
1385 4380 1424 4434 nt

181 4473 338 4559 praesumi
357 4496 422 4537 non
440 4474 540 4557 possit
556 4495 665 4537 veram
681 4473 715 4535 in
731 4472 806 4558 ipsis
822 4475 1019 4538 voluntatem
1035 4495 1100 4536 sese
1115 4482 1228 4534 mutuo
1251 4471 1424 4556 obligandi

180 4578 328 4642 arllbissc.
