3142 5242
458 1059 756 1167 TITULUS
792 1059 1119 1169 ULTIMUS.

168 1487 233 1564 Dn
256 1486 445 1563 Coucmn
470 1485 753 1563 Dncxnronuu
778 1488 1134 1565 Paouunoarlonn
1157 1510 1209 1565 nr
1228 1489 1402 1567 Emes-

575 1624 685 1680 crom
712 1603 993 1681 Exncumonn

218 1805 280 1883 Ne
310 1805 414 1882 ullus
447 1803 618 1903 supersit
650 1803 856 1881 dubitandi
890 1805 997 1881 locus
1025 1806 1075 1882 de
1107 1813 1297 1905 tempore,
1326 1833 1402 1908 quo

166 1921 327 2022 incipiet
373 1920 559 2021 obligatio
605 1920 841 2019 suscipiendi
891 1928 933 1998 et
976 1922 1190 2022 exequendi
1237 1922 1403 2000 Decreta
1479 2020 1485 2033 .

166 2038 329 2116 concilii
358 2039 475 2138 hujus
503 2036 677 2114 Plenarii
702 2036 1001 2115 Baltimorensis
1026 2038 1158 2134 Tertii,
1182 2046 1224 2116 et
1250 2065 1302 2117 ne
1326 2066 1404 2141 qua

165 2155 324 2233 obtendi
358 2154 481 2255 possit
514 2152 709 2231 excusatio
742 2155 793 2230 ob
826 2154 1105 2255 negligentiam
1138 2155 1203 2233 vel
1236 2183 1402 2252 moram,

166 2274 199 2349 si
234 2298 311 2374 qua
354 2271 482 2365 fuerit,
516 2273 559 2347 in
597 2270 737 2347 iisdem
780 2296 852 2372 per
884 2270 1059 2372 singulas
1100 2273 1323 2373 provincias
1364 2282 1404 2351 et

165 2391 358 2467 dioeceses
382 2387 691 2489 promulgandis,
717 2389 959 2465 declaramus
988 2396 1029 2466 et
1057 2390 1238 2466 omnibus
1263 2399 1403 2468 notum

165 2506 329 2582 facimus
345 2513 483 2580 cuncta
504 2512 546 2581 et
566 2503 732 2604 singula,
750 2530 851 2604 quae
873 2505 915 2582 in
938 2506 1010 2582 hoc
1027 2506 1199 2582 Concilio
1216 2506 1403 2584 Plenario

165 2621 444 2698 Baltimorensi
460 2621 591 2697 Tertio
608 2622 762 2696 decreta
778 2629 819 2697 et
834 2622 1045 2698 constituta
1066 2629 1169 2716 sunt,
1187 2622 1271 2699 vim
1287 2649 1402 2701 suam

164 2740 307 2814 habere
333 2737 604 2837 plenariosque
628 2744 668 2812 et
692 2735 864 2837 integros
887 2740 1045 2814 effectus
1069 2738 1201 2814 sortiri
1226 2765 1298 2839 per
1316 2741 1400 2817 uni·

165 2880 297 2931 versas
313 2853 432 2953 hujus
449 2853 619 2953 regionis
635 2853 825 2947 ecclesias,
842 2855 975 2930 statim
994 2880 1038 2930 ac
1054 2880 1124 2954 per
1143 2856 1400 2933 Reverendis·

164 2973 309 3048 simum
354 2970 586 3069 Delegatum
631 2970 902 3068 Apostolicum
949 2973 1197 3071 promulgata
1241 2973 1400 3067 fuerint,

21 3106 24 3113 '
164 3089 259 3188 quin
289 3111 388 3186 opus
418 3085 471 3162 sit
498 3111 546 3161 ea
574 3086 703 3162 denuo
733 3087 776 3161 in
806 3087 966 3187 synodis
996 3087 1302 3187 provincialibus
1332 3098 1401 3165 aut

165 3203 400 3281 dioecesanis
417 3203 677 3302 promulgare.
730 3202 1009 3296 Nihilominus,
1027 3212 1109 3280 tam
1133 3207 1183 3280 ad
1206 3206 1400 3283 cautelam

163 3347 282 3421 quam
307 3321 358 3395 ad
388 3318 687 3411 solemnitatem,
713 3319 1009 3396 ecclesiasticam
1039 3322 1165 3420 legem
1195 3332 1401 3422 sequentes

162 3439 345 3513 volumus
370 3442 416 3513 ut
439 3435 731 3535 quamprimum
757 3443 846 3534 post
870 3437 1223 3536 promulgationem
1240 3464 1266 3514 a
1284 3439 1400 3516 Rmo.

164 3554 352 3653 Delegato
382 3550 608 3651 Apostolico
644 3552 796 3647 factam,
826 3552 869 3627 in
900 3553 1059 3653 synodis
1091 3554 1401 3653 provincialibus

162 3678 202 3748 et
227 3668 463 3746 dioecesanis
488 3667 631 3743 iterum
657 3669 966 3767 promulgentur,
992 3696 1069 3769 quo
1095 3670 1247 3745 facilius
1272 3675 1400 3748 omni·

162 3789 235 3863 bus
262 3785 506 3861 innotescant
535 3784 740 3883 mediaque
769 3785 909 3860 idonea
936 3787 1227 3883 provideantur,
1254 3789 1401 3887 quibus

163 3901 324 3978 Concilii
367 3902 521 3976 decreta
555 3900 694 3975 melius
729 3907 768 3975 et
801 3901 989 3976 efficacius
1027 3902 1242 3978 executioni
1285 3930 1402 3982 man-

163 4021 315 4094 dentur.

163 4207 244 4293 Ego,
268 4206 426 4271 laconas
455 4203 622 4287 Graaoxs
652 4205 920 4292 Archiepisoopus
957 4206 1207 4289 Baltimcrensis,
1238 4217 1270 4272 et
1306 4209 1402 4275 Sedis

336 4308 539 4394 Apostoliouc
554 4306 736 4394 Delegatus,
751 4310 904 4373 definiens
918 4311 1099 4396 subscripsi.

162 4413 245 4499 Ego,
268 4414 409 4477 eraus
432 4412 616 4477 chnnnus
642 4413 1117 4500 Knxa1ox,Arehiepisoopus
1146 4415 1255 4481 Sancti
1286 4416 1401 4482 Ludo-

335 4516 410 4598 vici,
424 4515 578 4579 definiens
592 4515 772 4601 subscripsi.

294 4623 356 4684 184
