3142 5242
162 427 224 489 168
312 438 497 485 rrrunus
526 438 701 485 1x.—1›n
730 437 858 483 noxus
887 432 1262 483 necunsrnsrrcrs.

98 626 102 633 ·
160 594 314 690 taverit,
340 620 533 671 memores
557 594 639 668 sint
664 591 850 691 Episcopi
879 618 922 667 se
951 589 1106 667 muneri
1130 588 1221 665 sud*
1231 586 1404 688 graviter

161 715 305 806 deesse,
324 711 401 787 nisi
417 711 459 786 in
476 736 589 786 reum
606 735 677 809 pro
696 709 836 785 merite
854 709 1183 784 animadvertant.

212 832 297 905 293.
330 828 573 903 Gravissima
589 834 683 902 sunt
698 828 819 902 verba
836 824 999 901 Concilii
1016 821 1245 923 superioris,
1262 821 1399 921 quibus

163 945 367 1021 damnavit
392 969 615 1044 perversam
646 941 788 1041 agendi
812 942 1005 1018 rationem
1033 939 1196 1015 illerum
1227 938 1395 1013 sacerdo·

163 1073 259 1154 tum,
286 1061 353 1161 qui
378 1060 465 1159 ipsa
490 1060 594 1135 intra
619 1059 828 1134 missarum
858 1058 1048 1134 solemnia
1077 1057 1128 1132 ab
1157 1053 1277 1130 altari
1301 1076 1394 1128 rece·

163 1180 273 1272 dunt,
291 1181 502 1276 aedemque
527 1201 677 1251 sacram
703 1175 954 1268 circumeunt,
980 1201 1003 1250 a
1027 1172 1195 1272 singulis
1219 1170 1394 1246 fidelibus

163 1295 449 1394 eleemosynam
467 1300 654 1392 petentes.
706 1293 832 1367 Tanta
848 1317 940 1367 vero
964 1296 1129 1391 apparet
1149 1289 1392 1389 quorundam

162 1411 377 1511 pertinacia
402 1435 446 1485 ac
471 1410 513 1485 in
539 1409 792 1485 observandis
815 1409 935 1485 etiam
965 1405 1223 1484 strictissimis
1249 1405 1392 1505 legibus

163 1527 348 1619 socordia,
368 1537 412 1601 ut
434 1525 501 1624 qui
524 1525 725 1600 constituti
748 1550 883 1600 sumus
903 1525 1036 1623 legum
1052 1523 1391 1599 ecclesiasticarum

162 1645 353 1736 custodes,
379 1643 461 1718 alta
490 1666 582 1718 voce
616 1642 813 1717 decretum
843 1641 1145 1717 Antecessorum
1175 1646 1390 1716 nostrorum

163 1764 211 1836 de
239 1786 339 1835 novo
366 1759 615 1858 promulgare
632 1765 672 1833 ct
687 1757 880 1834 inculcare
904 1758 1232 1856 constringamur.
1282 1756 1391 1831 Nota·

162 1885 248 1953 tum
278 1876 409 1976 itaquo
443 1875 747 1974 “turpissimum
776 1876 953 1969 abusum,
980 1873 1177 1950 Ecclesiae
1206 1873 1393 1971 sacrisque

162 1995 246 2092 ejus
271 1993 412 2068 ritibus
437 1991 638 2091 injurium,
661 1992 805 2091 quique
830 1991 1119 2066 Catholicorum
1147 1990 1334 2065 ruborem
1359 1992 1393 2061 et

162 2109 484 2211 indignationem,
519 2107 821 2183 acatholicorum
856 2132 949 2182 vero
982 2106 1206 2182 irrisionem
1240 2112 1282 2182 et
1312 2128 1392 2181 cou-

162 2220 354 2324 temptum
380 2231 576 2323 provocat,
594 2224 848 2322 reprobamus
865 2229 905 2298 et
927 2248 1087 2322 prorsus
1103 2222 1392 2319 exstirpandum

163 2341 416 2418 decernimus.
452 2339 557 2429 ,Qua
573 2339 615 2414 in
633 2365 676 2414 re
692 2339 936 2438 singulorum
955 2338 1240 2436 Episcoporum
1258 2332 1392 2413 cousci-

162 2458 269 2533 entia
286 2456 504 2532 oneratur.”
562 2457 614 2553 (N
617 2482 651 2531 0.
669 2457 772 2555 364.)

213 2576 297 2650 294.
333 2574 381 2648 In
408 2572 600 2674 immensa
626 2572 699 2646 hac
724 2574 892 2672 regione,
919 2581 1035 2673 atquc
1062 2571 1165 2647 inter
1191 2578 1329 2669 gentes
1353 2591 1393 2643 er

163 2690 283 2764 variis
315 2691 496 2787 Europae
526 2689 682 2788 populis
712 2700 781 2764 aut
813 2689 1064 2764 advenientes
1099 2694 1169 2763 aut
1202 2687 1391 2775 oriundas,

162 2806 325 2903 ideoque
346 2806 477 2881 indole
498 2831 543 2881 ac
563 2806 737 2879 moribus
758 2814 839 2880 tarn
860 2805 1046 2898 diversas,
1064 2806 1131 2879 vix
1150 2803 1237 2878 fieri
1259 2807 1389 2902 potest,

163 2930 211 2997 ut·
232 2923 337 3020 leges
365 2923 633 3020 discipliuares
660 2922 872 2996 uniformes
898 2923 978 2997 sint
1006 2947 1077 3021 pro
1103 2920 1287 2994 omnibus
1313 2942 1390 3016 prc-

162 3038 301 3113 vinciis
336 3046 404 3113 aut
437 3038 685 3114 dioecesibus.
740 3039 878 3137 Itaque
908 3040 1011 3136 quod
1044 3043 1196 3135 spectat
1228 3038 1280 3111 ad
1308 3036 1391 3132 jura

163 3155 285 3228 stolae
319 3162 359 3228 et
387 3160 518 3228 taxam
553 3179 624 3253 pro
661 3152 890 3229 ministeriis
923 3152 1189 3229 ecelesiasticis
1219 3149 1391 3228 deterrui·

164 3273 346 3361 nandam,
378 3271 643 3369 unusquisque
673 3271 890 3369 Episcopus
920 3277 1011 3368 agat
1042 3269 1085 3344 in
1115 3270 1267 3363 synodo
1297 3267 1390 3343 dioe-

162 3411 311 3479 cesana,
330 3385 392 3461 vel
410 3394 519 3460 extra
536 3389 729 3486 synodum
746 3387 891 3462 auditis
907 3386 1194 3462 consultoribus
1210 3409 1277 3460 eas
1295 3384 1391 3480 leges

162 3503 272 3594 ferrat,
291 3528 390 3601 quae
413 3503 515 3577 clero
540 3529 583 3577 ac
606 3504 751 3602 populo
775 3528 845 3577 suo
869 3503 994 3601 iringis
1016 3502 1225 3577 convenire
1242 3501 1391 3575 videau-

161 3624 237 3695 tur.
291 3618 518 3694 Meminerit
543 3628 673 3694 autem
702 3620 833 3718 (idque
855 3616 1101 3718 expresse'in
1124 3618 1276 3717 synodo
1298 3641 1392 3693 com·

164 3738 414 3835 memoretur)
468 3735 685 3810 ministeria
730 3736 984 3810 ecclesiastica
1030 3734 1270 3835 pauperibus
1318 3756 1394 3808 esse

162 3852 286 3951 gratis
319 3855 566 3952 praestanda.
619 3852 763 3926 Taxam
798 3877 961 3951 quoquo,
995 3850 1029 3925 si
1063 3876 1141 3949 qua
1174 3849 1218 3924 iu
1252 3850 1394 3949 synodo

162 3969 430 4062 constituatur,
456 3970 622 4043 Romam
649 3968 790 4059 mittat,
816 3976 859 4043 ut
884 3968 1046 4042 Sanctae
1072 3965 1183 4040 Sedis
1210 3966 1395 4064 approba·

161 4085 262 4160 tieni
287 4086 528 4184 subjiciatur.

213 4205 297 4278 295.
325 4204 402 4278 Sed
419 4229 488 4277 nec
506 4203 674 4277 minores
694 4228 761 4277 nec
779 4203 908 4277 minus
932 4203 1118 4277 fundatae
1135 4198 1397 4299 querimoniae

163 4329 348 4419 exparte
377 4328 460 4395 tam
491 4320 678 4395 laicorum
704 4345 823 4418 <liram
852 4319 1198 4394 ecclesiasticorum
1225 4316 1395 4390 virorum

163 4436 290 4512 audiri
317 4437 445 4512 solent
467 4438 516 4511 de
539 4436 661 4511 nimia
685 4443 725 4510 et
749 4434 974 4535 importuna
997 4434 1254 4511 multitudino
1276 4456 1394 4507 sacer·

163 4554 310 4646 dotum,
329 4554 411 4628 sive
438 4554 693 4628 saccularium
720 4552 803 4628 sive
826 4551 1077 4651 regularium,
1095 4550 1163 4649 qui
1188 4576 1238 4627 ex
1263 4551 1398 4626 alienis

162 4669 384 4766 regionibus
413 4671 487 4744 huc
513 4669 632 4743 variis
658 4670 707 4743 de
733 4669 859 4743 causis
886 4667 1142 4743 mendicaturi
1171 4669 1399 4744 adveniunt.
