3142 5242
622 517 761 565 curor
791 517 972 564 unicum.
1394 509 1413 572 5

179 673 281 749 ratio
323 673 545 773 pertingere
587 679 726 772 potest,
760 674 953 748 credenda
990 672 1103 748 nobis
1144 679 1417 772 proponuntur

181 788 368 889 mysteria
383 789 425 864 in
444 788 527 864 Deo
545 789 782 882 abscondita,
800 814 909 887 quae,
927 787 1004 864 uisi
1020 788 1194 865 revelata
1215 787 1416 882 divinitus,

180 903 420 981 innotescere
444 929 523 980 non
548 911 722 1004 possunt.
774 903 922 981 Divina
946 906 1052 980 enim
1076 908 1264 1005 mysteria
1280 912 1418 1003 suapte

181 1028 323 1096 natura
336 1020 579 1113 intellectum
595 1027 769 1097 creatum
786 1020 842 1096 sic
857 1023 1058 1115 excedunt,
1072 1028 1115 1097 ut
1133 1020 1250 1097 etiam
1268 1020 1417 1097 revela·

180 1135 287 1212 tione
302 1137 449 1212 tradita
465 1144 505 1212 et
520 1138 598 1213 fide
614 1144 803 1236 suscepta,
820 1137 945 1235 ipsius
961 1145 1094 1213 tamen
1115 1136 1207 1214 fidei
1223 1137 1418 1212 velamine

179 1260 355 1328 contecta
386 1261 426 1328 et
459 1256 630 1352 quadam
663 1253 775 1353 quasi
807 1251 975 1353 caligine
1007 1254 1192 1330 obvoluta
1221 1260 1416 1345 maneant,

179 1370 369 1468 quamdiu
392 1369 435 1445 in
461 1370 534 1445 hac
559 1369 717 1446 mortali
742 1369 826 1444 vita
854 1370 1151 1480 peregrinamur
1175 1397 1200 1446 a
1225 1369 1416 1462 Domino;

178 1511 250 1586 per
267 1487 385 1562 fidem
402 1486 507 1562 enim
525 1486 785 1581 ambulamus,
804 1493 844 1562 et
860 1512 939 1562 non
956 1511 1028 1587 per
1044 1488 1225 1585 speciem.

228 1604 266 1678 4.
301 1603 505 1678 Credimus
519 1611 558 1678 et
570 1605 762 1696 docemus,
773 1603 984 1696 hominem,
997 1628 1085 1679 curn
1099 1603 1418 1703 aDeotanquam

74 1750 76 1755 ’
179 1718 363 1794 Creatore
378 1726 419 1794 et
435 1718 605 1794 Domino
631 1744 701 1794 suo
725 1725 833 1795 totus
857 1720 1076 1817 dependeat
1099 1726 1140 1795 et
1163 1720 1265 1795 ratio
1289 1726 1419 1795 creata

179 1834 374 1910 increatae
389 1834 559 1910 Veritati
584 1835 741 1935 penitus
766 1835 939 1933 subjecta
958 1837 1021 1929 sit,
1039 1836 1201 1935 plenum
1226 1836 1418 1911 revelanti

180 1951 263 2027 Deo
297 1951 518 2027 intellectus
544 1959 584 2026 et
610 1951 825 2026 voluntatis
854 1951 1082 2050 obsequium
1110 1952 1188 2028 fide
1221 1957 1419 2051 praestare

179 2067 316 2143 teneri.
367 2067 517 2143 Verum
534 2066 608 2143 etsi
624 2069 721 2144 fides
734 2067 787 2143 sit
803 2093 923 2167 supra
938 2067 1143 2162 rationem,
1158 2068 1270 2144 nulla
1286 2077 1419 2144 tamen

180 2209 354 2283 unquam
372 2184 474 2259 inter
489 2184 606 2259 fidem
632 2192 673 2259 et
696 2185 888 2259 rationem
910 2209 1004 2259 vera
1028 2184 1219 2260 dissensio
1242 2210 1327 2260 esse
1350 2210 1418 2285 po·

180 2306 267 2394 test,
284 2325 374 2375 cum
391 2300 497 2375 idern
523 2299 630 2376 Deus
646 2300 714 2399 qui
732 2300 920 2400 mysteria
935 2301 1086 2376 revelat
1101 2308 1141 2377 et
1156 2302 1275 2377 fidem
1291 2301 1419 2377 iufun-

181 2417 251 2511 dit,
268 2417 401 2492 animo
414 2416 585 2491 humano
602 2416 766 2492 rationis
779 2417 913 2492 lumen
926 2416 1134 2509 indiderit3
1163 2416 1271 2493 Deus
1287 2425 1419 2494 autem

181 2558 324 2632 negare
341 2533 513 2631 seipsum
531 2558 608 2607 uon
626 2533 761 2633 possit,
776 2544 850 2608 'nec
868 2557 1005 2608 verum
1025 2557 1117 2608 vero
1140 2558 1313 2632 unquam
1330 2559 1418 2610 con-

179 2649 382 2725 tradicere.

230 2768 267 2842 5.
303 2765 506 2841 Credimus
540 2773 579 2842 et
613 2767 793 2841 docemus
828 2766 912 2843 sine
946 2768 1023 2842 fide
1059 2765 1303 2865 impossibile
1335 2790 1420 2841 esse

180 2882 336 2980 placere
362 2882 456 2975 Deo,
475 2889 514 2957 et
539 2884 590 2957 ad
619 2882 790 2957 filiorum
820 2883 903 2980 ejus
933 2882 1172 2958 consortium
1202 2881 1417 2981 pervenire.

183 2999 278 3074 Ideo
304 2997 452 3073 nemini
479 3024 653 3097 unquam
678 2998 763 3073 sine
792 2998 864 3073 illa
892 2998 1057 3097 contigit
1079 2997 1319 3096 justificatio,
1350 3021 1420 3072 nec

181 3114 300 3209 ullus,
326 3113 403 3190 uisi
427 3113 470 3190 in
500 3141 547 3191 ea
576 3115 887 3215 perseveraverit
913 3140 1037 3214 usque
1066 3113 1108 3189 in
1128 3115 1269 3208 finem,
1294 3113 1419 3189 vitam

181 3239 383 3306 aeternam
415 3239 653 3330 assequetur.
721 3229 780 3307 Ut
811 3239 942 3307 autem
978 3230 1099 3306 officio
1134 3256 1269 3305 veram
1301 3231 1419 3306 fidem

182 3347 455 3446 amplectendi,
471 3345 514 3422 in
533 3372 655 3446 eaque
670 3354 893 3422 constanter
908 3346 1183 3446 perseverandi
1201 3346 1420 3421 satisfacere

182 3488 397 3562 possemus,
416 3462 522 3539 Deus
547 3487 619 3562 per
643 3462 790 3538 Filium
808 3488 924 3538 suurn
942 3462 1186 3561 unigenitum
1206 3461 1420 3546 Ecclesiam

182 3579 365 3673 instituit,
381 3604 550 3679 suaeque
574 3578 832 3654 institutionis
857 3578 1075 3654 manifestis
1101 3578 1204 3652 notis
1221 3577 1418 3670 instruxit,

80 3761 84 3767 ,
183 3703 227 3770 ut
243 3721 292 3771 ea
307 3704 494 3795 tauquam
511 3703 639 3771 custos
656 3701 696 3770 et
711 3695 899 3793 magistra
915 3694 1025 3770 verbi
1048 3694 1211 3769 revelati
1229 3695 1279 3768 ab
1296 3693 1419 3768 omni·

181 3812 256 3888 bus
273 3811 399 3911 possit
415 3812 583 3911 agnosci.

232 3930 270 4004 6.
305 3927 510 4003 Credimus
537 3936 579 4004 et
612 3929 793 4004 docemus
828 3954 983 4004 omnem
1019 3927 1309 4019 revelationem,
1344 3928 1420 4002 fide

184 4044 321 4120 divina
354 4050 394 4119 et
427 4044 625 4119 Catholica
657 4045 903 4138 credendam,
938 4046 1153 4120 secundum
1187 4041 1420 4118 universalis

185 4160 382 4237 Ecclesiae
405 4162 522 4237 fidem
548 4186 573 4236 a
596 4161 739 4236 Sancta
763 4160 992 4236 Tridentina
1008 4160 1164 4259 Synodo
1183 4159 1420 4235 declaratam

183 4277 375 4353 contineri
399 4277 441 4353 in
467 4277 579 4353 libris
599 4276 767 4375 scriptis,
786 4283 826 4352 et
850 4277 935 4352 sine
959 4275 1104 4375 scripto
1127 4274 1419 4368 traditionibus,

184 4419 285 4492 quae
309 4392 435 4493 ipsius
464 4394 610 4469 Christi
644 4384 711 4468 ore
743 4394 795 4468 ab
819 4392 1021 4491 Apostolis
1054 4399 1243 4490 acceptae,
1268 4396 1338 4466 aut
1370 4391 1421 4465 ab

184 4496 502 4608 ipsis'Apostolis
526 4509 677 4607 Spiritu
701 4509 841 4584 Sancto
867 4509 1047 4599 dictante,
1066 4506 1177 4606 quasi
1193 4531 1264 4605 per
1280 4530 1421 4581 manus

183 4624 353 4699 traditae
370 4625 421 4699 ad
437 4648 508 4697 uos
525 4648 647 4720 usque
663 4630 936 4720 pervenerunt.
