3142 5242
436 481 492 526 nn
522 448 1129 530 nnrnrnonn'snonnnnnro.
1361 466 1402 529 67

164 635 341 736 permitti
383 627 543 735 prorsus
586 637 732 734 nequit,
768 643 812 712 ut
843 637 977 717 fideles
1014 637 1200 736 gravibus
1234 636 1324 712 fidei
1359 662 1403 712 ac

165 778 320 828 morum
346 753 540 851 periculis,
558 752 677 828 etiam
704 754 776 828 sub
793 753 1023 852 opportunis
1047 753 1302 847 cautionibus,
1320 778 1404 828 sese

165 875 373 967 exponant.
427 869 513 944 Hac
542 869 584 944 in
612 894 655 944 re
682 872 919 944 attendenda
948 870 1066 945 etiam
1097 877 1189 945 sunt
1218 870 1402 962 locorum,

165 1010 297 1060 rerum
333 993 372 1061 et
404 1010 660 1084 personarum
696 985 889 1083 adjuncta,
924 986 1154 1085 praesertim
1192 985 1260 1061 ubi
1302 985 1402 1085 peri-

165 1101 298 1175 culum
323 1109 383 1177 est
405 1101 597 1200 gravioris
621 1101 728 1195 mali,
751 1127 800 1177 ne
822 1101 1002 1177 videlicet
1030 1104 1220 1199 denegata
1250 1101 1403 1200 dispen-

166 1216 315 1292 satione
333 1218 584 1293 matrimonia
601 1218 724 1292 mixta
742 1218 1007 1311 nihilominus,
1027 1218 1144 1317 idque
1161 1219 1244 1293 sine
1261 1217 1403 1293 cautio·

166 1332 281 1408 nibus
299 1334 537 1409 clandestine
554 1335 845 1410 contrahantur.

219 1452 301 1524 132.
329 1450 460 1538 Quum
478 1460 608 1525 autem
627 1449 923 1533 matrimonium
942 1452 1110 1528 mixtum
1129 1451 1269 1528 debitis
1285 1451 1403 1527 cauti·

165 1566 305 1640 onibus
324 1567 502 1664 superius
520 1566 699 1641 indicatis
717 1575 757 1642 et
773 1567 1063 1665 dispensatione
1081 1569 1239 1644 obtenta
1255 1576 1404 1643 contra·

166 1681 284 1774 hitur,
303 1682 404 1758 illud
429 1689 630 1781 tamquam
658 1682 891 1781 legitimum,
911 1691 954 1759 ut
978 1692 1098 1784 patet,
1116 1684 1252 1759 haberi
1277 1685 1403 1778 debet,

166 1805 302 1896 utpote
329 1798 432 1874 inter
458 1824 643 1898 personas
672 1799 827 1896 initum,
857 1826 953 1899 quas
978 1802 1151 1876 Ecclesia
1176 1801 1339 1900 agnovit
1362 1800 1404 1875 in

165 1913 245 1990 illis
274 1915 467 2013 adjunctis
494 1915 644 1991 habiles
672 1919 722 1991 ad
750 1915 879 1991 valide
907 1925 945 1992 ct
975 1917 1081 1994 licite
1109 1917 1406 1992 matrimonium

165 2032 486 2108 contrahendum.
550 2033 676 2108 Nemo
711 2031 832 2131 igitur
862 2033 934 2108 hoc
968 2033 1264 2108 matrimonium
1298 2035 1405 2109 dam·

167 2173 260 2223 nare
303 2148 504 2248 multoque
546 2149 676 2224 minus
725 2148 916 2247 sacrilegii
964 2158 1096 2225 notam
1144 2148 1204 2225 illi
1251 2147 1407 2225 inurere

167 2267 319 2340 audeat.

218 2384 301 2458 133.
330 2382 460 2470 Quum
486 2390 611 2458 totum
638 2384 711 2458 hoc
735 2394 852 2483 caput
876 2383 1153 2461 ecclesiasticae
1179 2383 1407 2483 disciplinae

166 2497 389 2595 gravissimi
414 2499 466 2573 sit
490 2500 689 2593 momenti,
709 2508 846 2577 curent
868 2525 1002 2576 omnes
1019 2500 1162 2599 quibus
1184 2500 1405 2575 animarum

167 2639 259 2689 cura
276 2615 495 2690 concredita
512 2623 581 2709 est,
601 2625 645 2690 nt
661 2618 767 2692 mala
792 2643 839 2693 ex
866 2615 1127 2691 matrimoniis
1144 2615 1278 2690 mixtis
1295 2641 1403 2691 enas·

167 2731 293 2805 centia
310 2731 582 2806 efficacissimis
601 2732 816 2832 quibusque
841 2732 980 2807 mediis
1004 2738 1320 2830 praecaveantur,
1338 2738 1407 2807 aut

167 2848 200 2921 si
232 2847 319 2922 tolli
350 2847 508 2922 omnino
540 2874 618 2923 non
648 2857 823 2947 possunt,
852 2850 991 2924 saltem
1021 2847 1193 2923 maxima
1220 2855 1406 2946 exparte

167 2963 408 3039 minuantur.
452 2965 518 3038 Ad
534 2965 638 3039 hunc
655 2974 785 3039 autem
799 2968 916 3039 finem
934 2966 1218 3063 assequendum
1237 2965 1406 3039 maxime

166 3079 366 3154 conducit:
395 3083 436 3154 1Ο
455 3081 635 3178 frequens
660 3081 918 3179 parochorum
944 3079 1146 3154 instructio
1170 3106 1248 3179 qua
1272 3081 1405 3155 fideles

168 3199 401 3272 edoceantur
432 3198 480 3270 de
511 3196 706 3271 Ecclesiae
735 3196 999 3296 prohibitione
1028 3195 1239 3270 mixtorum
1271 3195 1403 3271 matri·

168 3312 401 3387 moniorum.
454 3315 497 3387 2ο
524 3312 662 3387 Pranis
680 3313 886 3387 uniformis
903 3315 1128 3388 eorumdem
1146 3313 1405 3411 parochorum

168 3428 210 3504 in
227 3428 380 3504 casibus
406 3428 694 3503 occurrentibus
720 3428 960 3526 impediendi
985 3428 1079 3504 totis
1096 3427 1257 3521 viribus,
1275 3428 1403 3503 horta-

167 3544 351 3637 tionibus
381 3544 637 3637 suasionibus,
660 3569 807 3619 necnon
838 3543 1167 3643 increpationibus
1193 3571 1242 3620 ne
1272 3545 1404 3643 hujus-

169 3659 277 3736 modi
319 3660 500 3758 conjugia
541 3659 734 3736 ineantur.
803 3663 846 3737 3Ο
891 3661 1065 3735 Examen
1105 3669 1327 3736 accuratum
1356 3663 1405 3737 de

168 3776 364 3853 canonicis
381 3784 420 3852 et
436 3777 622 3875 gravibus
639 3777 763 3851 causis
777 3804 877 3876 quae
893 3777 1145 3875 requiruntur
1162 3802 1233 3876 pro
1251 3777 1404 3876 dispen-

170 3894 321 3970 satione
363 3918 481 3992 supcr
514 3894 586 3968 hoc
621 3894 765 3968 mixtae
799 3893 1083 3968 communionis
1126 3893 1405 3992 impedimento

170 4012 425 4087 concedenda.
475 4012 520 4084 4⁰
551 4011 647 4086 Post
671 4011 883 4085 celebratas
910 4018 1042 4085 autom
1068 4009 1210 4084 mixtas
1237 4010 1404 4108 nuptias,

171 4126 330 4226 parochi
353 4127 465 4225 gravi
482 4125 736 4203 conscientiae
753 4151 869 4201 onere
887 4152 928 4201 sc
944 4125 1100 4224 gravari
1118 4126 1244 4200 sciant
1265 4126 1405 4223 invigi-

172 4243 280 4320 landi
303 4251 347 4318 nt
366 4244 580 4342 promissae
601 4269 625 4317 a
644 4242 872 4341 conjugibus
894 4241 1133 4317 conditiones
1154 4243 1407 4316 observentur

173 4366 213 4436 et
228 4361 408 4435 effectum
425 4359 648 4435 sortiantur.
850 4353 853 4362 ’

225 4477 310 4552 134.
350 4476 487 4566 Quoad
515 4476 707 4551 rationem
737 4478 1001 4553 concedendae
1032 4475 1331 4575 dispensationis
1366 4475 1405 4549 in

174 4591 464 4691 impedimentis
488 4593 771 4683 dirimentibus,
795 4594 845 4667 ad
869 4593 1055 4667 amussim
1080 4594 1293 4666 servandae
1316 4599 1409 4666 sunt

307 4712 348 4774 12
