<?xml version="1.0" encoding="UTF-8"?>
<!DOCTYPE html PUBLIC "-//W3C//DTD XHTML 1.0 Transitional//EN"
    "http://www.w3.org/TR/xhtml1/DTD/xhtml1-transitional.dtd">
<html xmlns="http://www.w3.org/1999/xhtml" xml:lang="en" lang="en">
 <head>
  <title>
</title>
<meta http-equiv="Content-Type" content="text/html;charset=utf-8" />
  <meta name='ocr-system' content='tesseract 3.04.00' />
  <meta name='ocr-capabilities' content='ocr_page ocr_carea ocr_par ocr_line ocrx_word'/>
</head>
<body>
  <div class='ocr_page' id='page_1' title='image "./actaetdecretaco00gibbgoog_0262.png"; bbox 0 0 3142 5242; ppageno 0'>
   <div class='ocr_carea' id='block_1_1' title="bbox 579 453 1399 515">
    <p class='ocr_par' dir='ltr' id='par_1_1' title="bbox 579 453 1399 515">
     <span class='ocr_line' id='line_1_1' title="bbox 579 453 1399 515; baseline 0.004 -3"><span class='ocrx_word' id='word_1_1' title='bbox 579 466 632 512; x_wconf 80' lang='grc'>11</span> <span class='ocrx_word' id='word_1_2' title='bbox 660 466 984 511; x_wconf 73' lang='grc'><strong>1111111111111.</strong></span> <span class='ocrx_word' id='word_1_3' title='bbox 1337 453 1399 515; x_wconf 82' lang='grc'>145</span> 
     </span>
    </p>
   </div>
   <div class='ocr_carea' id='block_1_2' title="bbox 164 619 1398 1416">
    <p class='ocr_par' dir='ltr' id='par_1_2' title="bbox 164 619 1398 1182">
     <span class='ocr_line' id='line_1_2' title="bbox 164 619 1398 697; baseline 0.003 -4"><span class='ocrx_word' id='word_1_4' title='bbox 164 619 356 695; x_wconf 80' lang='lat' dir='ltr'>illecebris</span> <span class='ocrx_word' id='word_1_5' title='bbox 382 621 519 696; x_wconf 91' lang='lat' dir='ltr'>mundi</span> <span class='ocrx_word' id='word_1_6' title='bbox 545 620 692 695; x_wconf 85' lang='lat' dir='ltr'>seducti</span> <span class='ocrx_word' id='word_1_7' title='bbox 709 622 868 695; x_wconf 90' lang='lat' dir='ltr'>tandem</span> <span class='ocrx_word' id='word_1_8' title='bbox 886 620 927 695; x_wconf 91' lang='lat' dir='ltr'>in</span> <span class='ocrx_word' id='word_1_9' title='bbox 945 620 1171 695; x_wconf 82' lang='lat' dir='ltr'>societatum</span> <span class='ocrx_word' id='word_1_10' title='bbox 1188 621 1398 697; x_wconf 88' lang='lat' dir='ltr'>vetitarum</span> 
     </span>
     <span class='ocr_line' id='line_1_3' title="bbox 164 735 1396 834; baseline 0.002 -24"><span class='ocrx_word' id='word_1_11' title='bbox 164 736 348 811; x_wconf 88' lang='lat' dir='ltr'>barathro</span> <span class='ocrx_word' id='word_1_12' title='bbox 372 735 545 834; x_wconf 86' lang='lat' dir='ltr'>absorpti</span> <span class='ocrx_word' id='word_1_13' title='bbox 569 738 791 834; x_wconf 86' lang='lat' dir='ltr'>perdentur.</span> <span class='ocrx_word' id='word_1_14' title='bbox 844 735 1032 811; x_wconf 88' lang='lat' dir='ltr'>Honestis</span> <span class='ocrx_word' id='word_1_15' title='bbox 1055 744 1185 811; x_wconf 90' lang='lat' dir='ltr'>autem</span> <span class='ocrx_word' id='word_1_16' title='bbox 1208 736 1396 813; x_wconf 91' lang='lat' dir='ltr'>societati·</span> 
     </span>
     <span class='ocr_line' id='line_1_4' title="bbox 164 851 1397 951; baseline 0.003 -26"><span class='ocrx_word' id='word_1_17' title='bbox 164 851 236 926; x_wconf 92' lang='lat' dir='ltr'>bus</span> <span class='ocrx_word' id='word_1_18' title='bbox 262 851 459 950; x_wconf 82' lang='lat' dir='ltr'>adscripti,</span> <span class='ocrx_word' id='word_1_19' title='bbox 485 853 580 927; x_wconf 93' lang='lat' dir='ltr'>dum</span> <span class='ocrx_word' id='word_1_20' title='bbox 610 852 756 927; x_wconf 91' lang='lat' dir='ltr'>bonum</span> <span class='ocrx_word' id='word_1_21' title='bbox 783 853 998 951; x_wconf 84' lang='lat' dir='ltr'>temporale</span> <span class='ocrx_word' id='word_1_22' title='bbox 1023 859 1321 951; x_wconf 89' lang='lat' dir='ltr'>prosequuntur,</span> <span class='ocrx_word' id='word_1_23' title='bbox 1348 856 1397 929; x_wconf 92' lang='lat' dir='ltr'>ad</span> 
     </span>
     <span class='ocr_line' id='line_1_5' title="bbox 164 967 1398 1067; baseline 0.002 -26"><span class='ocrx_word' id='word_1_24' title='bbox 164 967 350 1066; x_wconf 89' lang='lat' dir='ltr'>pietatem</span> <span class='ocrx_word' id='word_1_25' title='bbox 377 993 529 1067; x_wconf 92' lang='lat' dir='ltr'>quoque</span> <span class='ocrx_word' id='word_1_26' title='bbox 557 968 806 1043; x_wconf 87' lang='lat' dir='ltr'>excolendam</span> <span class='ocrx_word' id='word_1_27' title='bbox 837 993 861 1043; x_wconf 94' lang='lat' dir='ltr'>a</span> <span class='ocrx_word' id='word_1_28' title='bbox 890 970 1081 1067; x_wconf 89' lang='lat' dir='ltr'>prudente</span> <span class='ocrx_word' id='word_1_29' title='bbox 1106 977 1262 1067; x_wconf 89' lang='lat' dir='ltr'>pastore</span> <span class='ocrx_word' id='word_1_30' title='bbox 1287 969 1398 1045; x_wconf 86' lang='lat' dir='ltr'>facile</span> 
     </span>
     <span class='ocr_line' id='line_1_6' title="bbox 165 1083 517 1182; baseline 0.006 -25"><span class='ocrx_word' id='word_1_31' title='bbox 165 1083 304 1158; x_wconf 81' lang='lat' dir='ltr'>adduci</span> <span class='ocrx_word' id='word_1_32' title='bbox 321 1092 517 1182; x_wconf 88' lang='lat' dir='ltr'>poterunt.</span> 
     </span>
    </p>

    <p class='ocr_par' dir='ltr' id='par_1_3' title="bbox 165 1199 1396 1416">
     <span class='ocr_line' id='line_1_7' title="bbox 206 1199 1396 1300; baseline 0.003 -28"><span class='ocrx_word' id='word_1_33' title='bbox 206 1200 291 1273; x_wconf 80' lang='lat'>258.</span> <span class='ocrx_word' id='word_1_34' title='bbox 311 1199 471 1275; x_wconf 86' lang='lat' dir='ltr'>Praeter</span> <span class='ocrx_word' id='word_1_35' title='bbox 482 1201 554 1276; x_wconf 87' lang='lat' dir='ltr'>has</span> <span class='ocrx_word' id='word_1_36' title='bbox 568 1201 768 1277; x_wconf 84' lang='lat' dir='ltr'>societates</span> <span class='ocrx_word' id='word_1_37' title='bbox 786 1201 1073 1276; x_wconf 88' lang='lat' dir='ltr'>Catholicorum</span> <span class='ocrx_word' id='word_1_38' title='bbox 1086 1209 1266 1300; x_wconf 91' lang='lat' dir='ltr'>optamus</span> <span class='ocrx_word' id='word_1_39' title='bbox 1280 1202 1396 1276; x_wconf 91' lang='lat' dir='ltr'>etiam</span> 
     </span>
     <span class='ocr_line' id='line_1_8' title="bbox 165 1315 1396 1416; baseline 0.002 -25"><span class='ocrx_word' id='word_1_40' title='bbox 165 1325 210 1391; x_wconf 91' lang='lat' dir='ltr'>ut</span> <span class='ocrx_word' id='word_1_41' title='bbox 226 1315 266 1389; x_wconf 93' lang='lat' dir='ltr'>in</span> <span class='ocrx_word' id='word_1_42' title='bbox 285 1316 448 1414; x_wconf 89' lang='lat' dir='ltr'>singulis</span> <span class='ocrx_word' id='word_1_43' title='bbox 462 1317 659 1415; x_wconf 89' lang='lat' dir='ltr'>paroeciis,</span> <span class='ocrx_word' id='word_1_44' title='bbox 675 1317 741 1391; x_wconf 91' lang='lat' dir='ltr'>ubi</span> <span class='ocrx_word' id='word_1_45' title='bbox 757 1316 840 1391; x_wconf 89' lang='lat' dir='ltr'>fieri</span> <span class='ocrx_word' id='word_1_46' title='bbox 858 1324 996 1416; x_wconf 88' lang='lat' dir='ltr'>potest,</span> <span class='ocrx_word' id='word_1_47' title='bbox 1010 1316 1266 1393; x_wconf 86' lang='lat' dir='ltr'>instituantur</span> <span class='ocrx_word' id='word_1_48' title='bbox 1282 1317 1396 1393; x_wconf 90' lang='lat' dir='ltr'>socie·</span> 
     </span>
    </p>
   </div>
   <div class='ocr_carea' id='block_1_3' title="bbox 164 1431 1537 1532">
    <p class='ocr_par' dir='ltr' id='par_1_4' title="bbox 164 1431 1537 1532">
     <span class='ocr_line' id='line_1_9' title="bbox 164 1431 1537 1532; baseline 0.003 -27"><span class='ocrx_word' id='word_1_49' title='bbox 164 1438 264 1505; x_wconf 89' lang='lat' dir='ltr'>tates</span> <span class='ocrx_word' id='word_1_50' title='bbox 282 1457 372 1506; x_wconf 85' lang='lat' dir='ltr'>vere</span> <span class='ocrx_word' id='word_1_51' title='bbox 393 1431 623 1524; x_wconf 81' lang='lat' dir='ltr'>Catholicae,</span> <span class='ocrx_word' id='word_1_52' title='bbox 641 1458 740 1531; x_wconf 92' lang='lat' dir='ltr'>quae</span> <span class='ocrx_word' id='word_1_53' title='bbox 756 1457 827 1532; x_wconf 91' lang='lat' dir='ltr'>pro</span> <span class='ocrx_word' id='word_1_54' title='bbox 846 1432 975 1531; x_wconf 90' lang='lat' dir='ltr'>aliquo</span> <span class='ocrx_word' id='word_1_55' title='bbox 997 1434 1073 1506; x_wconf 92' lang='lat' dir='ltr'>fine</span> <span class='ocrx_word' id='word_1_56' title='bbox 1098 1431 1278 1530; x_wconf 90' lang='lat' dir='ltr'>religioso</span> <span class='ocrx_word' id='word_1_57' title='bbox 1297 1459 1396 1509; x_wconf 90' lang='lat' dir='ltr'>asse·</span> <span class='ocrx_word' id='word_1_58' title='bbox 1534 1474 1537 1479; x_wconf 95' lang='lat'>·</span> 
     </span>
    </p>
   </div>
   <div class='ocr_carea' id='block_1_4' title="bbox 164 1547 1399 1880">
    <p class='ocr_par' dir='ltr' id='par_1_5' title="bbox 164 1547 1399 1880">
     <span class='ocr_line' id='line_1_10' title="bbox 165 1547 1396 1647; baseline 0.002 -26"><span class='ocrx_word' id='word_1_59' title='bbox 165 1549 317 1645; x_wconf 80' lang='lat' dir='ltr'>quondo</span> <span class='ocrx_word' id='word_1_60' title='bbox 337 1549 410 1622; x_wconf 92' lang='lat' dir='ltr'>sub</span> <span class='ocrx_word' id='word_1_61' title='bbox 427 1547 576 1646; x_wconf 90' lang='lat' dir='ltr'>proprii</span> <span class='ocrx_word' id='word_1_62' title='bbox 603 1547 794 1645; x_wconf 90' lang='lat' dir='ltr'>capellani</span> <span class='ocrx_word' id='word_1_63' title='bbox 820 1547 1048 1647; x_wconf 89' lang='lat' dir='ltr'>plenissima</span> <span class='ocrx_word' id='word_1_64' title='bbox 1066 1547 1275 1624; x_wconf 90' lang='lat' dir='ltr'>directione</span> <span class='ocrx_word' id='word_1_65' title='bbox 1293 1548 1396 1624; x_wconf 88' lang='lat' dir='ltr'>labo·</span> 
     </span>
     <span class='ocr_line' id='line_1_11' title="bbox 164 1663 1399 1761; baseline 0.004 -24"><span class='ocrx_word' id='word_1_66' title='bbox 164 1672 262 1738; x_wconf 92' lang='lat' dir='ltr'>rent.</span> <span class='ocrx_word' id='word_1_67' title='bbox 303 1664 327 1737; x_wconf 89' lang='lat' dir='ltr'><strong>J</strong></span> <span class='ocrx_word' id='word_1_68' title='bbox 330 1689 393 1737; x_wconf 90' lang='lat' dir='ltr'>am</span> <span class='ocrx_word' id='word_1_69' title='bbox 408 1664 512 1738; x_wconf 91' lang='lat' dir='ltr'>enim</span> <span class='ocrx_word' id='word_1_70' title='bbox 527 1664 662 1738; x_wconf 89' lang='lat' dir='ltr'>multis</span> <span class='ocrx_word' id='word_1_71' title='bbox 679 1663 720 1738; x_wconf 93' lang='lat' dir='ltr'>in</span> <span class='ocrx_word' id='word_1_72' title='bbox 734 1663 828 1738; x_wconf 90' lang='lat' dir='ltr'>locis</span> <span class='ocrx_word' id='word_1_73' title='bbox 842 1663 1066 1761; x_wconf 89' lang='lat' dir='ltr'>hujusmodi</span> <span class='ocrx_word' id='word_1_74' title='bbox 1084 1663 1284 1739; x_wconf 89' lang='lat' dir='ltr'>societates</span> <span class='ocrx_word' id='word_1_75' title='bbox 1301 1666 1399 1742; x_wconf 89' lang='lat' dir='ltr'>bene</span> 
     </span>
     <span class='ocr_line' id='line_1_12' title="bbox 165 1778 1397 1880; baseline 0.002 -27"><span class='ocrx_word' id='word_1_76' title='bbox 165 1780 213 1854; x_wconf 92' lang='lat' dir='ltr'>de</span> <span class='ocrx_word' id='word_1_77' title='bbox 231 1778 404 1854; x_wconf 87' lang='lat' dir='ltr'>Ecclesia</span> <span class='ocrx_word' id='word_1_78' title='bbox 417 1787 652 1871; x_wconf 91' lang='lat' dir='ltr'>meruerunt,</span> <span class='ocrx_word' id='word_1_79' title='bbox 667 1805 745 1854; x_wconf 91' lang='lat' dir='ltr'>non</span> <span class='ocrx_word' id='word_1_80' title='bbox 759 1788 912 1855; x_wconf 89' lang='lat' dir='ltr'>tantum</span> <span class='ocrx_word' id='word_1_81' title='bbox 927 1779 1203 1855; x_wconf 89' lang='lat' dir='ltr'>aedificationis</span> <span class='ocrx_word' id='word_1_82' title='bbox 1220 1782 1397 1880; x_wconf 82' lang='lat' dir='ltr'>exemplo</span> 
     </span>
    </p>
   </div>
   <div class='ocr_carea' id='block_1_5' title="bbox 163 1895 1399 2574">
    <p class='ocr_par' dir='ltr' id='par_1_6' title="bbox 163 1895 1399 2574">
     <span class='ocr_line' id='line_1_13' title="bbox 165 1895 1398 1994; baseline 0.002 -25"><span class='ocrx_word' id='word_1_83' title='bbox 165 1897 233 1970; x_wconf 90' lang='lat' dir='ltr'>sed</span> <span class='ocrx_word' id='word_1_84' title='bbox 259 1895 376 1970; x_wconf 88' lang='lat' dir='ltr'>etiarn</span> <span class='ocrx_word' id='word_1_85' title='bbox 405 1896 597 1994; x_wconf 87' lang='lat' dir='ltr'>neglectos</span> <span class='ocrx_word' id='word_1_86' title='bbox 615 1904 654 1970; x_wconf 92' lang='lat' dir='ltr'>et</span> <span class='ocrx_word' id='word_1_87' title='bbox 669 1896 886 1970; x_wconf 88' lang='lat' dir='ltr'>carceribus</span> <span class='ocrx_word' id='word_1_88' title='bbox 903 1895 1067 1993; x_wconf 90' lang='lat' dir='ltr'>aliisque</span> <span class='ocrx_word' id='word_1_89' title='bbox 1088 1895 1398 1972; x_wconf 89' lang='lat' dir='ltr'>institutionibus</span> 
     </span>
     <span class='ocr_line' id='line_1_14' title="bbox 164 2011 1398 2109; baseline 0.002 -23"><span class='ocrx_word' id='word_1_90' title='bbox 164 2011 330 2109; x_wconf 90' lang='lat' dir='ltr'>publicis</span> <span class='ocrx_word' id='word_1_91' title='bbox 366 2014 542 2087; x_wconf 87' lang='lat' dir='ltr'>detentos</span> <span class='ocrx_word' id='word_1_92' title='bbox 572 2011 749 2087; x_wconf 89' lang='lat' dir='ltr'>doctrina</span> <span class='ocrx_word' id='word_1_93' title='bbox 779 2011 1000 2086; x_wconf 90' lang='lat' dir='ltr'>Christiana</span> <span class='ocrx_word' id='word_1_94' title='bbox 1029 2011 1251 2104; x_wconf 91' lang='lat' dir='ltr'>imbuendo,</span> <span class='ocrx_word' id='word_1_95' title='bbox 1278 2012 1398 2088; x_wconf 89' lang='lat' dir='ltr'>libros</span> 
     </span>
     <span class='ocr_line' id='line_1_15' title="bbox 165 2127 1397 2226; baseline 0.003 -26"><span class='ocrx_word' id='word_1_96' title='bbox 165 2127 382 2202; x_wconf 89' lang='lat' dir='ltr'>Catholicos</span> <span class='ocrx_word' id='word_1_97' title='bbox 400 2128 666 2203; x_wconf 89' lang='lat' dir='ltr'>distribuendo</span> <span class='ocrx_word' id='word_1_98' title='bbox 685 2134 724 2202; x_wconf 91' lang='lat' dir='ltr'>et</span> <span class='ocrx_word' id='word_1_99' title='bbox 740 2127 818 2202; x_wconf 91' lang='lat' dir='ltr'>alia</span> <span class='ocrx_word' id='word_1_100' title='bbox 830 2127 1030 2202; x_wconf 89' lang='lat' dir='ltr'>charitatis</span> <span class='ocrx_word' id='word_1_101' title='bbox 1045 2153 1163 2226; x_wconf 90' lang='lat' dir='ltr'>opera</span> <span class='ocrx_word' id='word_1_102' title='bbox 1176 2131 1397 2204; x_wconf 83' lang='lat' dir='ltr'>exercendo.</span> 
     </span>
     <span class='ocr_line' id='line_1_16' title="bbox 166 2243 1398 2343; baseline 0.002 -26"><span class='ocrx_word' id='word_1_103' title='bbox 166 2243 382 2337; x_wconf 86' lang='lat' dir='ltr'>Praeterea,</span> <span class='ocrx_word' id='word_1_104' title='bbox 402 2245 451 2318; x_wconf 90' lang='lat' dir='ltr'>ad</span> <span class='ocrx_word' id='word_1_105' title='bbox 478 2269 695 2343; x_wconf 88' lang='lat' dir='ltr'>pauperum</span> <span class='ocrx_word' id='word_1_106' title='bbox 713 2243 970 2342; x_wconf 86' lang='lat' dir='ltr'>indigentiam</span> <span class='ocrx_word' id='word_1_107' title='bbox 989 2245 1104 2318; x_wconf 90' lang='lat' dir='ltr'>modo</span> <span class='ocrx_word' id='word_1_108' title='bbox 1122 2243 1263 2318; x_wconf 89' lang='lat' dir='ltr'>efficaci</span> <span class='ocrx_word' id='word_1_109' title='bbox 1280 2243 1398 2320; x_wconf 90' lang='lat' dir='ltr'>simul</span> 
     </span>
     <span class='ocr_line' id='line_1_17' title="bbox 164 2359 1398 2452; baseline 0.001 -17"><span class='ocrx_word' id='word_1_110' title='bbox 164 2385 209 2435; x_wconf 90' lang='lat' dir='ltr'>ac</span> <span class='ocrx_word' id='word_1_111' title='bbox 235 2360 454 2434; x_wconf 88' lang='lat' dir='ltr'>Christiano</span> <span class='ocrx_word' id='word_1_112' title='bbox 482 2360 701 2452; x_wconf 88' lang='lat' dir='ltr'>levandam,</span> <span class='ocrx_word' id='word_1_113' title='bbox 728 2359 897 2434; x_wconf 86' lang='lat' dir='ltr'>maxime</span> <span class='ocrx_word' id='word_1_114' title='bbox 927 2360 1118 2434; x_wconf 89' lang='lat' dir='ltr'>curabunt</span> <span class='ocrx_word' id='word_1_115' title='bbox 1152 2359 1398 2436; x_wconf 90' lang='lat' dir='ltr'>ecclesiarum</span> 
     </span>
     <span class='ocr_line' id='line_1_18' title="bbox 163 2466 1399 2574; baseline 0.002 -23"><span class='ocrx_word' id='word_1_116' title='bbox 163 2484 341 2568; x_wconf 90' lang='lat' dir='ltr'>rectores,</span> <span class='ocrx_word' id='word_1_117' title='bbox 370 2486 412 2551; x_wconf 93' lang='lat' dir='ltr'>ut</span> <span class='ocrx_word' id='word_1_118' title='bbox 443 2475 550 2551; x_wconf 91' lang='lat' dir='ltr'>omni</span> <span class='ocrx_word' id='word_1_119' title='bbox 581 2502 699 2574; x_wconf 91' lang='lat' dir='ltr'>opera</span> <span class='ocrx_word' id='word_1_120' title='bbox 723 2466 886 2552; x_wconf 52' lang='lat' dir='ltr'>‘foveant</span> <span class='ocrx_word' id='word_1_121' title='bbox 920 2475 1140 2550; x_wconf 88' lang='lat' dir='ltr'>societatem</span> <span class='ocrx_word' id='word_1_122' title='bbox 1175 2475 1285 2550; x_wconf 89' lang='lat' dir='ltr'>illam</span> <span class='ocrx_word' id='word_1_123' title='bbox 1317 2479 1399 2553; x_wconf 89' lang='lat' dir='ltr'>“de</span> 
     </span>
    </p>
   </div>
   <div class='ocr_carea' id='block_1_6' title="bbox 163 2591 1401 4664">
    <p class='ocr_par' dir='ltr' id='par_1_7' title="bbox 163 2591 1400 3388">
     <span class='ocr_line' id='line_1_19' title="bbox 164 2591 1400 2691; baseline 0.002 -25"><span class='ocrx_word' id='word_1_124' title='bbox 164 2592 309 2691; x_wconf 91' lang='lat' dir='ltr'>populo</span> <span class='ocrx_word' id='word_1_125' title='bbox 336 2591 529 2666; x_wconf 86' lang='lat' dir='ltr'>inferioris</span> <span class='ocrx_word' id='word_1_126' title='bbox 556 2592 703 2667; x_wconf 88' lang='lat' dir='ltr'>ordinis</span> <span class='ocrx_word' id='word_1_127' title='bbox 729 2601 811 2667; x_wconf 88' lang='lat' dir='ltr'>tam</span> <span class='ocrx_word' id='word_1_128' title='bbox 835 2593 1032 2690; x_wconf 87' lang='lat' dir='ltr'>praeclare</span> <span class='ocrx_word' id='word_1_129' title='bbox 1050 2591 1241 2686; x_wconf 90' lang='lat' dir='ltr'>meritam,</span> <span class='ocrx_word' id='word_1_130' title='bbox 1259 2618 1358 2691; x_wconf 90' lang='lat' dir='ltr'>quae</span> <span class='ocrx_word' id='word_1_131' title='bbox 1376 2620 1400 2669; x_wconf 92' lang='grc'>1</span> 
     </span>
     <span class='ocr_line' id='line_1_20' title="bbox 163 2707 1398 2808; baseline 0.003 -28"><span class='ocrx_word' id='word_1_132' title='bbox 163 2707 369 2783; x_wconf 84' lang='lat' dir='ltr'>Vincentio</span> <span class='ocrx_word' id='word_1_133' title='bbox 397 2716 506 2807; x_wconf 89' lang='lat' dir='ltr'>patre</span> <span class='ocrx_word' id='word_1_134' title='bbox 542 2708 778 2783; x_wconf 91' lang='lat' dir='ltr'>nominatur.</span> <span class='ocrx_word' id='word_1_135' title='bbox 832 2707 1041 2806; x_wconf 82' lang='lat' dir='ltr'>Cognitum</span> <span class='ocrx_word' id='word_1_136' title='bbox 1075 2714 1135 2783; x_wconf 90' lang='lat' dir='ltr'>est</span> <span class='ocrx_word' id='word_1_137' title='bbox 1168 2708 1263 2806; x_wconf 91' lang='lat' dir='ltr'>quid</span> <span class='ocrx_word' id='word_1_138' title='bbox 1297 2717 1398 2808; x_wconf 88' lang='lat' dir='ltr'>agat,</span> 
     </span>
     <span class='ocr_line' id='line_1_21' title="bbox 164 2823 1398 2922; baseline 0.001 -24"><span class='ocrx_word' id='word_1_139' title='bbox 164 2824 258 2922; x_wconf 92' lang='lat' dir='ltr'>quid</span> <span class='ocrx_word' id='word_1_140' title='bbox 286 2824 391 2915; x_wconf 87' lang='lat' dir='ltr'>velit,</span> <span class='ocrx_word' id='word_1_141' title='bbox 410 2825 555 2899; x_wconf 89' lang='lat' dir='ltr'>scilicet</span> <span class='ocrx_word' id='word_1_142' title='bbox 579 2832 662 2898; x_wconf 91' lang='lat' dir='ltr'>tota</span> <span class='ocrx_word' id='word_1_143' title='bbox 688 2823 729 2899; x_wconf 91' lang='lat' dir='ltr'>in</span> <span class='ocrx_word' id='word_1_144' title='bbox 755 2824 827 2898; x_wconf 91' lang='lat' dir='ltr'>hoc</span> <span class='ocrx_word' id='word_1_145' title='bbox 853 2831 921 2915; x_wconf 91' lang='lat' dir='ltr'>est,</span> <span class='ocrx_word' id='word_1_146' title='bbox 941 2832 985 2898; x_wconf 90' lang='lat' dir='ltr'>ut</span> <span class='ocrx_word' id='word_1_147' title='bbox 1010 2823 1212 2922; x_wconf 86' lang='lat' dir='ltr'>egentibus</span> <span class='ocrx_word' id='word_1_148' title='bbox 1236 2832 1274 2899; x_wconf 90' lang='lat' dir='ltr'>et</span> <span class='ocrx_word' id='word_1_149' title='bbox 1299 2825 1398 2900; x_wconf 87' lang='lat' dir='ltr'>cala·</span> 
     </span>
     <span class='ocr_line' id='line_1_22' title="bbox 164 2939 1399 3039; baseline 0.002 -26"><span class='ocrx_word' id='word_1_150' title='bbox 164 2939 316 3014; x_wconf 88' lang='lat' dir='ltr'>mitosis</span> <span class='ocrx_word' id='word_1_151' title='bbox 347 2940 546 3038; x_wconf 88' lang='lat' dir='ltr'>suppetias</span> <span class='ocrx_word' id='word_1_152' title='bbox 577 2947 640 3015; x_wconf 92' lang='lat' dir='ltr'>eat</span> <span class='ocrx_word' id='word_1_153' title='bbox 671 2940 785 3033; x_wconf 88' lang='lat' dir='ltr'>ultre,</span> <span class='ocrx_word' id='word_1_154' title='bbox 812 2940 928 3039; x_wconf 90' lang='lat' dir='ltr'>idque</span> <span class='ocrx_word' id='word_1_155' title='bbox 958 2939 1164 3038; x_wconf 87' lang='lat' dir='ltr'>sagacitate</span> <span class='ocrx_word' id='word_1_156' title='bbox 1193 2940 1399 3015; x_wconf 89' lang='lat' dir='ltr'>modestia·</span> 
     </span>
     <span class='ocr_line' id='line_1_23' title="bbox 164 3055 1399 3155; baseline 0.002 -25"><span class='ocrx_word' id='word_1_157' title='bbox 164 3081 239 3154; x_wconf 93' lang='lat' dir='ltr'>que</span> <span class='ocrx_word' id='word_1_158' title='bbox 270 3056 463 3148; x_wconf 85' lang='lat' dir='ltr'>mirabili3</span> <span class='ocrx_word' id='word_1_159' title='bbox 499 3082 597 3155; x_wconf 90' lang='lat' dir='ltr'>quae</span> <span class='ocrx_word' id='word_1_160' title='bbox 628 3082 704 3155; x_wconf 89' lang='lat' dir='ltr'>quo</span> <span class='ocrx_word' id='word_1_161' title='bbox 736 3056 867 3130; x_wconf 88' lang='lat' dir='ltr'>minus</span> <span class='ocrx_word' id='word_1_162' title='bbox 898 3055 1023 3130; x_wconf 91' lang='lat' dir='ltr'>videri</span> <span class='ocrx_word' id='word_1_163' title='bbox 1054 3056 1150 3148; x_wconf 90' lang='lat' dir='ltr'>vult,</span> <span class='ocrx_word' id='word_1_164' title='bbox 1182 3081 1226 3130; x_wconf 92' lang='lat' dir='ltr'>eo</span> <span class='ocrx_word' id='word_1_165' title='bbox 1261 3063 1321 3130; x_wconf 88' lang='lat' dir='ltr'>est</span> <span class='ocrx_word' id='word_1_166' title='bbox 1350 3059 1399 3132; x_wconf 89' lang='lat' dir='ltr'>ad</span> 
     </span>
     <span class='ocr_line' id='line_1_24' title="bbox 164 3171 1399 3264; baseline 0 -18"><span class='ocrx_word' id='word_1_167' title='bbox 164 3172 366 3247; x_wconf 88' lang='lat' dir='ltr'>caritatem</span> <span class='ocrx_word' id='word_1_168' title='bbox 399 3172 660 3246; x_wconf 88' lang='lat' dir='ltr'>Christianam</span> <span class='ocrx_word' id='word_1_169' title='bbox 692 3172 841 3264; x_wconf 91' lang='lat' dir='ltr'>melior,</span> <span class='ocrx_word' id='word_1_170' title='bbox 866 3174 916 3247; x_wconf 90' lang='lat' dir='ltr'>ad</span> <span class='ocrx_word' id='word_1_171' title='bbox 944 3171 1190 3246; x_wconf 90' lang='lat' dir='ltr'>miseriarum</span> <span class='ocrx_word' id='word_1_172' title='bbox 1221 3172 1399 3247; x_wconf 90' lang='lat' dir='ltr'>levamen</span> 
     </span>
     <span class='ocr_line' id='line_1_25' title="bbox 164 3287 781 3388; baseline 0 -26"><span class='ocrx_word' id='word_1_173' title='bbox 164 3287 455 3387; x_wconf 89' lang='lat' dir='ltr'>opportunior.&#39;&#39;</span> <span class='ocrx_word' id='word_1_174' title='bbox 511 3289 682 3388; x_wconf 86' lang='lat' dir='ltr'>(Encycl.</span> <span class='ocrx_word' id='word_1_175' title='bbox 702 3289 781 3387; x_wconf 86' lang='lat' dir='ltr'>cit.)</span> 
     </span>
    </p>

    <p class='ocr_par' dir='ltr' id='par_1_8' title="bbox 165 3404 1401 4664">
     <span class='ocr_line' id='line_1_26' title="bbox 215 3404 1400 3504; baseline 0.001 -25"><span class='ocrx_word' id='word_1_176' title='bbox 215 3407 301 3479; x_wconf 80' lang='lat'><strong>259.</strong></span> <span class='ocrx_word' id='word_1_177' title='bbox 348 3404 538 3480; x_wconf 90' lang='lat' dir='ltr'>Omnibus</span> <span class='ocrx_word' id='word_1_178' title='bbox 582 3405 747 3504; x_wconf 89' lang='lat' dir='ltr'>denique</span> <span class='ocrx_word' id='word_1_179' title='bbox 790 3405 1040 3479; x_wconf 84' lang='lat' dir='ltr'>vehementer</span> <span class='ocrx_word' id='word_1_180' title='bbox 1082 3406 1400 3480; x_wconf 90' lang='lat' dir='ltr'>commendamus</span> 
     </span>
     <span class='ocr_line' id='line_1_27' title="bbox 166 3519 1399 3619; baseline -0.002 -23"><span class='ocrx_word' id='word_1_181' title='bbox 166 3522 468 3619; x_wconf 89' lang='lat' dir='ltr'>Lugdunensem</span> <span class='ocrx_word' id='word_1_182' title='bbox 509 3520 808 3619; x_wconf 90' lang='lat' dir='ltr'>Propagationis</span> <span class='ocrx_word' id='word_1_183' title='bbox 852 3519 963 3594; x_wconf 88' lang='lat' dir='ltr'>Fidei</span> <span class='ocrx_word' id='word_1_184' title='bbox 1008 3520 1237 3594; x_wconf 83' lang='lat' dir='ltr'>Societatem</span> <span class='ocrx_word' id='word_1_185' title='bbox 1281 3547 1399 3619; x_wconf 88' lang='lat' dir='ltr'>quarn</span> 
     </span>
     <span class='ocr_line' id='line_1_28' title="bbox 165 3635 1399 3734; baseline 0 -23"><span class='ocrx_word' id='word_1_186' title='bbox 165 3637 256 3712; x_wconf 91' lang='lat' dir='ltr'>inde</span> <span class='ocrx_word' id='word_1_187' title='bbox 284 3638 333 3711; x_wconf 91' lang='lat' dir='ltr'>ab</span> <span class='ocrx_word' id='word_1_188' title='bbox 360 3637 444 3734; x_wconf 89' lang='lat' dir='ltr'>ejus</span> <span class='ocrx_word' id='word_1_189' title='bbox 474 3644 562 3710; x_wconf 91' lang='lat' dir='ltr'>ortu</span> <span class='ocrx_word' id='word_1_190' title='bbox 591 3635 760 3711; x_wconf 89' lang='lat' dir='ltr'>Romani</span> <span class='ocrx_word' id='word_1_191' title='bbox 789 3636 994 3711; x_wconf 89' lang='lat' dir='ltr'>Pontifices</span> <span class='ocrx_word' id='word_1_192' title='bbox 1023 3636 1186 3711; x_wconf 89' lang='lat' dir='ltr'>summis</span> <span class='ocrx_word' id='word_1_193' title='bbox 1217 3637 1399 3711; x_wconf 87' lang='lat' dir='ltr'>laudibus</span> 
     </span>
     <span class='ocr_line' id='line_1_29' title="bbox 165 3752 1399 3851; baseline -0.002 -22"><span class='ocrx_word' id='word_1_194' title='bbox 165 3762 205 3830; x_wconf 88' lang='lat' dir='ltr'>et</span> <span class='ocrx_word' id='word_1_195' title='bbox 234 3753 488 3851; x_wconf 84' lang='lat' dir='ltr'>amplissimis</span> <span class='ocrx_word' id='word_1_196' title='bbox 521 3753 752 3851; x_wconf 86' lang='lat' dir='ltr'>pontificalis</span> <span class='ocrx_word' id='word_1_197' title='bbox 781 3752 930 3851; x_wconf 90' lang='lat' dir='ltr'>gratiae</span> <span class='ocrx_word' id='word_1_198' title='bbox 960 3752 1176 3851; x_wconf 81' lang='lat' dir='ltr'>privilegiis</span> <span class='ocrx_word' id='word_1_199' title='bbox 1207 3753 1399 3850; x_wconf 88' lang='lat' dir='ltr'>prosecuti</span> 
     </span>
     <span class='ocr_line' id='line_1_30' title="bbox 165 3869 1398 3968; baseline -0.002 -23"><span class='ocrx_word' id='word_1_200' title='bbox 165 3879 276 3961; x_wconf 82' lang='lat' dir='ltr'>sunt3</span> <span class='ocrx_word' id='word_1_201' title='bbox 301 3894 495 3968; x_wconf 90' lang='lat' dir='ltr'>quamque</span> <span class='ocrx_word' id='word_1_202' title='bbox 513 3869 647 3943; x_wconf 91' lang='lat' dir='ltr'>sedulo</span> <span class='ocrx_word' id='word_1_203' title='bbox 665 3870 872 3944; x_wconf 85' lang='lat' dir='ltr'>fovendam</span> <span class='ocrx_word' id='word_1_204' title='bbox 891 3875 930 3943; x_wconf 93' lang='lat' dir='ltr'>et</span> <span class='ocrx_word' id='word_1_205' title='bbox 946 3871 1252 3966; x_wconf 87' lang='lat' dir='ltr'>promovendam</span> <span class='ocrx_word' id='word_1_206' title='bbox 1271 3894 1398 3943; x_wconf 89' lang='lat' dir='ltr'>recen·</span> 
     </span>
     <span class='ocr_line' id='line_1_31' title="bbox 165 3984 1401 4084; baseline -0.001 -24"><span class='ocrx_word' id='word_1_207' title='bbox 165 3986 329 4061; x_wconf 90' lang='lat' dir='ltr'>tioribus</span> <span class='ocrx_word' id='word_1_208' title='bbox 365 3984 500 4060; x_wconf 90' lang='lat' dir='ltr'>diebus</span> <span class='ocrx_word' id='word_1_209' title='bbox 532 3985 611 4059; x_wconf 90' lang='lat' dir='ltr'>Leo</span> <span class='ocrx_word' id='word_1_210' title='bbox 642 3985 764 4060; x_wconf 92' lang='lat' dir='ltr'><strong>XIII.</strong></span> <span class='ocrx_word' id='word_1_211' title='bbox 795 3985 857 4059; x_wconf 85' lang='lat' dir='ltr'>fel.</span> <span class='ocrx_word' id='word_1_212' title='bbox 889 4009 968 4081; x_wconf 89' lang='lat' dir='ltr'>reg.</span> <span class='ocrx_word' id='word_1_213' title='bbox 1002 3984 1043 4058; x_wconf 92' lang='lat' dir='ltr'>in</span> <span class='ocrx_word' id='word_1_214' title='bbox 1075 3984 1231 4084; x_wconf 83' lang='lat' dir='ltr'>Encycl.</span> <span class='ocrx_word' id='word_1_215' title='bbox 1265 3986 1401 4059; x_wconf 80' lang='lat' dir='ltr'>Sancto</span> 
     </span>
     <span class='ocr_line' id='line_1_32' title="bbox 168 4100 1400 4198; baseline -0.002 -21"><span class='ocrx_word' id='word_1_216' title='bbox 168 4103 239 4177; x_wconf 79' lang='lat' dir='ltr'>Da·</span> <span class='ocrx_word' id='word_1_217' title='bbox 275 4103 416 4193; x_wconf 82' lang='lat' dir='ltr'>Ciuitas,</span> <span class='ocrx_word' id='word_1_218' title='bbox 452 4103 478 4177; x_wconf 88' lang='lat'>3</span> <span class='ocrx_word' id='word_1_219' title='bbox 512 4102 601 4176; x_wconf 91' lang='lat' dir='ltr'>Dec.</span> <span class='ocrx_word' id='word_1_220' title='bbox 640 4102 747 4194; x_wconf 79' lang='lat'>1880,</span> <span class='ocrx_word' id='word_1_221' title='bbox 783 4101 926 4176; x_wconf 87' lang='lat' dir='ltr'>iterum</span> <span class='ocrx_word' id='word_1_222' title='bbox 961 4100 1176 4198; x_wconf 85' lang='lat' dir='ltr'>Episcopus</span> <span class='ocrx_word' id='word_1_223' title='bbox 1219 4103 1400 4175; x_wconf 90' lang='lat' dir='ltr'>ardenter</span> 
     </span>
     <span class='ocr_line' id='line_1_33' title="bbox 165 4215 1399 4315; baseline -0.002 -23"><span class='ocrx_word' id='word_1_224' title='bbox 165 4217 416 4293; x_wconf 88' lang='lat' dir='ltr'>commonuit.</span> <span class='ocrx_word' id='word_1_225' title='bbox 486 4217 661 4292; x_wconf 89' lang='lat' dir='ltr'>Mentem</span> <span class='ocrx_word' id='word_1_226' title='bbox 693 4218 730 4292; x_wconf 84' lang='lat' dir='ltr'>S.</span> <span class='ocrx_word' id='word_1_227' title='bbox 762 4217 884 4310; x_wconf 82' lang='lat' dir='ltr'>Sedis,</span> <span class='ocrx_word' id='word_1_228' title='bbox 912 4223 953 4290; x_wconf 93' lang='lat' dir='ltr'>et</span> <span class='ocrx_word' id='word_1_229' title='bbox 984 4218 1323 4315; x_wconf 90' lang='lat' dir='ltr'>praedecessorum</span> <span class='ocrx_word' id='word_1_230' title='bbox 1357 4215 1399 4290; x_wconf 92' lang='lat' dir='ltr'>in</span> 
     </span>
     <span class='ocr_line' id='line_1_34' title="bbox 167 4332 1400 4432; baseline -0.002 -24"><span class='ocrx_word' id='word_1_231' title='bbox 167 4333 431 4432; x_wconf 88' lang='lat' dir='ltr'>superioribus</span> <span class='ocrx_word' id='word_1_232' title='bbox 474 4333 656 4408; x_wconf 89' lang='lat' dir='ltr'>Conciliis</span> <span class='ocrx_word' id='word_1_233' title='bbox 699 4333 891 4408; x_wconf 90' lang='lat' dir='ltr'>Plenariis</span> <span class='ocrx_word' id='word_1_234' title='bbox 934 4332 1155 4430; x_wconf 85' lang='lat' dir='ltr'>exemplum</span> <span class='ocrx_word' id='word_1_235' title='bbox 1199 4338 1400 4431; x_wconf 89' lang='lat' dir='ltr'>sequentes</span> 
     </span>
     <span class='ocr_line' id='line_1_35' title="bbox 168 4446 1401 4548; baseline -0.002 -25"><span class='ocrx_word' id='word_1_236' title='bbox 168 4449 386 4541; x_wconf 84' lang='lat' dir='ltr'>statuimus,</span> <span class='ocrx_word' id='word_1_237' title='bbox 414 4457 458 4525; x_wconf 90' lang='lat' dir='ltr'>ut</span> <span class='ocrx_word' id='word_1_238' title='bbox 484 4475 555 4548; x_wconf 92' lang='lat' dir='ltr'>per</span> <span class='ocrx_word' id='word_1_239' title='bbox 582 4475 716 4523; x_wconf 90' lang='lat' dir='ltr'>omnes</span> <span class='ocrx_word' id='word_1_240' title='bbox 745 4457 896 4524; x_wconf 90' lang='lat' dir='ltr'>nostras</span> <span class='ocrx_word' id='word_1_241' title='bbox 925 4448 1115 4523; x_wconf 90' lang='lat' dir='ltr'>dioeceses</span> <span class='ocrx_word' id='word_1_242' title='bbox 1143 4447 1303 4522; x_wconf 89' lang='lat' dir='ltr'>societas</span> <span class='ocrx_word' id='word_1_243' title='bbox 1331 4446 1401 4521; x_wconf 90' lang='lat' dir='ltr'>illa</span> 
     </span>
     <span class='ocr_line' id='line_1_36' title="bbox 167 4564 1401 4664; baseline 0 -26"><span class='ocrx_word' id='word_1_244' title='bbox 167 4566 377 4664; x_wconf 84' lang='lat' dir='ltr'>praeclara,</span> <span class='ocrx_word' id='word_1_245' title='bbox 414 4565 536 4640; x_wconf 89' lang='lat' dir='ltr'>sicubi</span> <span class='ocrx_word' id='word_1_246' title='bbox 578 4567 677 4640; x_wconf 86' lang='lat' dir='ltr'>forte</span> <span class='ocrx_word' id='word_1_247' title='bbox 712 4567 885 4639; x_wconf 90' lang='lat' dir='ltr'>nondum</span> <span class='ocrx_word' id='word_1_248' title='bbox 921 4565 1061 4662; x_wconf 88' lang='lat' dir='ltr'>vigeat,</span> <span class='ocrx_word' id='word_1_249' title='bbox 1096 4564 1323 4638; x_wconf 89' lang='lat' dir='ltr'>instituatur</span> <span class='ocrx_word' id='word_1_250' title='bbox 1357 4588 1401 4638; x_wconf 88' lang='grc'>11</span> 
     </span>
    </p>
   </div>
   <div class='ocr_carea' id='block_1_7' title="bbox 0 0 1579 5242">
    <p class='ocr_par' dir='ltr' id='par_1_9' title="bbox 0 0 1579 5242">
     <span class='ocr_line' id='line_1_37' title="bbox 0 0 1579 5242; baseline 0 0"><span class='ocrx_word' id='word_1_251' title='bbox 0 0 1579 5242; x_wconf 95' lang='lat' dir='ltr'> </span> 
     </span>
    </p>
   </div>
  </div>
 </body>
</html>
