3142 5242
165 427 228 491 288
658 441 901 489 nrrssnrx.

162 611 288 666 servata
309 600 412 667 forma
433 600 529 688 legali
555 597 757 678 adhibentur,
781 597 825 661 ita
850 606 957 660 tamen
979 604 1016 658 ut
1038 592 1167 657 illarum
1190 592 1338 656 executio
1359 614 1411 677 ex·

162 703 272 791 aliquo
285 715 357 770 artu
372 714 486 792 pateat.

207 825 272 874 vn.
303 807 402 888 Quod
421 809 449 873 si
468 808 659 873 monitiones
678 807 713 872 in
733 805 861 870 irritum
879 803 1002 889 sedant,
1017 802 1211 870 Ordinarius
1230 801 1330 884 iubet,
1344 824 1400 887 per

164 911 297 977 Curiam
321 911 520 998 delinquenti
545 911 717 997 analogum
742 918 943 997 praeceptum
970 908 1113 973 intimari
1137 906 1193 989 ita,
1216 914 1256 970 ut
1280 906 1316 971 iu
1341 905 1399 969 hoc

163 1015 339 1102 explicetur
358 1013 439 1102 quid
460 1014 529 1101 ipse
548 1013 601 1080 vel
622 1013 724 1078 faeere
741 1011 794 1080 vel
812 1012 916 1078 vitare
935 1010 1058 1093 debmt,
1074 1009 1186 1075 addita
1206 1008 1399 1095 respectivae

163 1141 281 1205 poenae
294 1118 517 1184 eeclesiastieae
530 1116 785 1200 eomminatioue,
800 1138 897 1204 quam
917 1114 945 1179 si
964 1124 1166 1201 praeseptum
1185 1112 1399 1200 transgredia-

163 1232 227 1305 tur,
241 1223 389 1290 incurret.

206 1345 286 1392 v111.
317 1327 526 1415 Praeoeptum
548 1326 748 1414 delinquenti
769 1348 790 1391 a
810 1323 927 1391 Curiae
948 1322 1134 1390 canoellario
1155 1345 1264 1390 eoram
1281 1321 1398 1387 ι’ἰαιιῐο

161 1430 302 1518 generali
321 1431 512 1518 iniungitur,
527 1431 692 1495 autetiam
707 1452 813 1494 eoram
827 1427 952 1494 duobus
969 1427 1102 1493 testibus
1116 1426 1335 1491 ecelesiasticis
1349 1424 1396 1489 vel

162 1532 251 1599 laieis
265 1545 420 1621 spectatae
433 1535 611 1622 probitatis

208 1639 247 1701 10
268 1638 371 1703 Aetus
385 1637 592 1705 iniunctionis
606 1638 763 1725 praeeepti
778 1638 924 1724 signatur
937 1660 956 1701 a
970 1635 1115 1723 partibus
1129 1634 1359 1721 praesentibus,
1370 1644 1399 1698 et

161 1765 181 1807 a
195 1741 399 1827 delinquente
412 1743 518 1826 etiam,
532 1742 560 1808 si
575 1743 664 1809 velit.

207 1848 236 1911 2.
264 1845 418 1914 Viearius
438 1846 595 1933 generalis
616 1846 840 1913 iusiurandum
854 1847 988 1912 testibus
1002 1846 1165 1932 imponere
1179 1851 1287 1931 potest
1299 1844 1341 1910 de
1353 1868 1398 1909 se-

161 1959 246 2015 ereto
259 1950 426 2033 servande,
438 1950 465 2014 si
481 1949 654 2037 prudenter
667 1973 688 2015 a
702 1961 816 2017 natura
829 1951 885 2035 rei,
896 1950 937 2016 de
951 1973 1016 2038 qua
1028 1950 1145 2036 agitur,
1158 1948 1194 2013 id
1207 1949 1398 2036 requiratur.

205 2073 258 2121 lx.
289 2054 388 2135 Quod
403 2077 481 2120 vero
495 2055 632 2141 pertinet
645 2054 686 2120 ad
701 2054 841 2120 remedia
854 2055 1030 2142 repressius
1042 2075 1097 2119 seu
1112 2075 1241 2140 poenas,
1256 2052 1399 2117 animad-

161 2167 290 2223 vertant
299 2158 465 2222 Ordinarii
480 2159 515 2223 in
529 2180 587 2224 suo
601 2158 698 2244 pleno
708 2158 821 2246 vigore
835 2180 963 2223 manere
972 2156 1148 2222 remedium
1159 2154 1399 2221 extraiudieiale

161 2285 202 2326 ex
217 2262 389 2327 informata
403 2262 593 2328 eonscientia
607 2285 667 2348 pro
677 2261 809 2328 oooultis
823 2261 962 2327 reatibus
975 2260 1038 2326 aS.
1051 2258 1198 2327 Concilio
1209 2259 1399 2325 Tridentino

161 2366 371 2430 eonstitutunr
386 2365 467 2431 Sess.
483 2384 573 2449 xrv,
588 2389 656 2453 (ap.
674 2369 703 2432 1.
718 2364 760 2431 de
774 2366 918 2432 Reform.

206 2488 243 2534 x.
275 2469 317 2533 In
339 2470 463 2534 actione
484 2468 645 2534 criminali
667 2469 720 2537 vel
743 2470 785 2534 ob
806 2469 963 2557 praesepti
986 2469 1268 2553 inobservantiam,
1284 2468 1337 2536 vel
1358 2467 1398 2533 ob

160 2596 343 2639 eommunes
373 2582 488 2656 reatus,
519 2572 571 2639 vel
602 2573 643 2638 ob
672 2573 950 2639 eeclesiastiearum
980 2573 1088 2660 legum
1116 2574 1397 2660 transgressionem

161 2701 323 2764 processus
344 2678 516 2742 summarie
540 2687 572 2742 et
597 2678 666 2742 siue
686 2678 821 2763 strepitu
843 2677 954 2742 iudicii
975 2677 1109 2742 servatis
1130 2698 1256 2762 semper
1278 2677 1312 2739 in
1334 2685 1397 2741 tota

161 2804 219 2845 sua
240 2782 418 2846 substantia
440 2782 580 2846 iustitiae
600 2782 721 2868 regulis
740 2783 935 2848 conficiatur.

206 2905 257 2951 xr.
289 2885 458 2950 Proeessus
473 2908 513 2950 ex
528 2885 631 2950 offieio
646 2886 824 2969 instruitur,
840 2884 892 2950 vel
912 2896 1038 2971 aeeepto
1051 2885 1190 2972 supplici
1210 2885 1331 2968 libello,
1347 2882 1395 2949 vel

161 2989 366 3070 accusatione,
383 2989 435 3054 vel
452 2990 567 3054 nuncio
581 2988 805 3075 quoquomodo
823 2988 866 3054 ad
886 2989 1018 3055 Curiam
1038 2989 1170 3075 perlato,
1185 2997 1218 3054 et
1237 3012 1339 3076 usque
1357 2987 1396 3053 ad

161 3094 334 3156 terminum
349 3092 534 3178 perducitur
553 3115 590 3158 eo
605 3093 745 3176 consiliu,
762 3103 798 3157 ut
813 3094 900 3158 omni
915 3093 1022 3158 studio
1040 3116 1077 3157 ae
1096 3091 1268 3179 prudentia
1282 3093 1397 3157 veritas

161 3195 335 3282 detegatur,
351 3220 387 3260 ae
409 3208 478 3260 tum
500 3197 541 3261 de
559 3197 692 3261 erimine
713 3205 783 3261 turn
806 3197 846 3261 de
864 3198 975 3262 reitate
990 3196 1041 3261 vel
1065 3197 1245 3262 innocentia
1264 3195 1395 3261 aeeusati

161 3323 254 3364 musa
268 3301 434 3385 eliquetur.

205 3423 272 3468 xm.
300 3404 368 3469 Ubi
381 3405 496 3469 Curiae
509 3406 569 3469 iam
581 3406 768 3471 eonstitutae
778 3414 863 3489 sunt,
873 3407 1056 3493 oompilatio
1067 3430 1230 3492 proeessus
1241 3404 1396 3471 oommitti

161 3518 264 3594 potest
279 3508 379 3593 probo
393 3532 429 3573 ac
444 3509 547 3594 perito
562 3510 634 3574 viro
648 3509 864 3591 ecelesiastieq
879 3511 931 3574 eui
946 3512 1070 3574 assistat
1084 3511 1254 3576 actuarius.

206 3611 248 3675 In
271 3612 463 3676 dioecesibus
479 3635 554 3677 vero
570 3613 736 3698 inquibus
758 3613 874 3677 Curiae
894 3613 1085 3700 episeopales
1108 3612 1253 3679 nondum
1275 3614 1396 3701 possint

162 3717 297 3796 institui,
311 3716 437 3779 interim
450 3715 646 3781 observanda
660 3726 708 3780 est
723 3717 897 3782 Instructio
911 3717 987 3782 anni
1005 3721 1088 3803 1818
1104 3741 1178 3782 oum
1194 3718 1396 3804 responsione

161 3844 231 3885 eam
253 3821 454 3906 subsequenti
470 3820 511 3883 ad
528 3821 689 3905 proposita
703 3820 809 3886 dubia„
855 3821 1018 3889 Videlioet
1039 3822 1161 3908 singuli
1175 3821 1349 3887 Antistius
1363 3820 1395 3884 in

161 3924 284 4010 synodo
306 3924 488 3988 dioecesana
509 3923 619 3989 audito
641 3925 826 3989 clericorum
844 3926 986 4009 consilio,
1002 3926 1089 4012 quod
1104 3936 1212 3990 tamen
1226 3926 1317 4013 sequi
1333 3947 1395 3990 non

161 4038 318 4110 tenentur,
337 4029 488 4113 quinque,
504 4028 557 4092 vel
581 4029 635 4091 ubi
658 4029 808 4093 adiuncta
828 4052 935 4094 rerunt
958 4030 992 4094 id
1015 4031 1082 4094 fieri
1105 4053 1170 4095 non
1192 4032 1312 4113 sinant,
1334 4040 1396 4094 tres

161 4132 273 4197 saltem
296 4132 495 4218 presbyteros
517 4155 557 4196 ex
579 4132 811 4218 probatissimis
832 4144 862 4198 et
885 4146 1041 4220 quantum
1057 4134 1125 4198 lieri
1143 4135 1263 4220 poterit
1281 4135 1316 4199 in
1330 4135 1397 4198 iure

162 4237 311 4301 canonico
340 4236 450 4321 peritis
478 4234 615 4321 seligant
642 4235 684 4300 ed
717 4237 900 4301 huiusmodi
931 4237 1080 4322 officium,
1111 4248 1147 4302 ut
1176 4238 1211 4302 in
1238 4238 1397 4325 praedicta

164 4340 378 4404 Instructione
401 4338 593 4404 declaratum
618 4349 730 4423 exstat,
753 4341 974 4409 exereeudum.
1018 4341 1117 4422 Quod
1140 4341 1168 4407 si
1192 4342 1235 4408 ob
1256 4343 1396 4430 aliquam

162 4467 294 4530 gravem
316 4466 442 4507 uursam
464 4442 605 4528 synodus
627 4443 737 4508 haberi
759 4455 903 4530 nequeat,
919 4447 1060 4533 quinque
1083 4446 1135 4511 vel
1158 4455 1223 4511 trus
1245 4455 1398 4533 utsupra

162 4546 359 4611 ecelesiastici
375 4546 439 4612 viri
461 4568 518 4634 per
534 4547 717 4631 episeopunr
739 4546 780 4612 ad
803 4546 886 4611 idem
909 4571 1026 4614 munus
1046 4548 1249 4635 deputentur.
1296 4548 1398 4615 Eleeti
