3142 5242
473 497 526 542 DE
554 497 798 544 snumamo
826 497 1103 546 PRINCIPALI.

611 882 827 958 CAPUT
863 883 967 959 III.

479 1065 544 1140 Du
571 1067 807 1140 Sauruaruo
833 1066 1094 1141 Pmncrracr.

221 1234 304 1308 182.
332 1232 607 1330 Philosophiae
633 1232 939 1331 Theologiaeque
964 1240 1074 1308 tanta
1099 1240 1159 1307 est
1184 1231 1402 1330 amplitudo

170 1373 213 1422 ac
242 1349 497 1446 profunditas,
530 1357 574 1423 ut
603 1348 822 1423 studiorum
856 1349 1092 1423 curriculum
1127 1355 1329 1440 statutum,
1360 1346 1402 1420 in

169 1464 388 1539 seminariis
423 1465 635 1562 majoribus
670 1467 985 1596 percurrendum,
1019 1464 1227 1539 reconditis
1262 1463 1402 1537 harum

168 1579 418 1656 scientiarum
452 1581 631 1656 eruendis
666 1581 858 1656 thesauris
889 1581 1050 1656 minime
1083 1580 1257 1655 sufficiat.
1310 1579 1402 1690 Per·

169 1696 302 1795 magni
329 1705 459 1772 tamen
488 1697 547 1771 int
548 1705 659 1789 erest,
687 1697 950 1771 utIlcclesiae
978 1696 1120 1772 hisce
1110 1722 1152 1771 m
1179 1696 1403 1794 regionibus

169 1812 272 1886 milit
256 1813 354 1887 tanti
374 1808 573 1911 nunquam
592 1723 720 1888 desint
704 1813 811 1887 tvirr
802 1813 969 1888 iisdem
989 1813 1204 1911 disciplinis
1223 1811 1403 1887 eruditis·

169 1929 269 2021 simi,
283 1929 350 2028 qui
368 1955 524 2004 eausam
543 1929 718 2003 veritatis
736 1938 892 2005 strenue
910 1938 949 2004 et
965 1930 1108 2004 invicte
1125 1929 1227 2004 tueri
1245 1929 1405 2003 valeant

168 2055 301 2120 contra
319 2046 526 2144 omnigena
550 2071 725 2120 errorum
753 2054 926 2120 monstra
950 2056 986 2121 et
1014 2047 1243 2144 opinionum
1263 2046 1402 2121 delira·
1482 2062 1485 2070 '

168 2171 310 2252 menta,
329 2171 463 2236 nostra
486 2162 714 2260 praesertim
736 2170 872 2255 aetate,
891 2189 938 2237 ex
955 2163 1114 2237 insanae
1131 2162 1403 2260 philosophiae

169 2276 328 2353 latebris
357 2279 398 2353 in
430 2278 512 2353 dies
543 2279 804 2377 emergentia;
840 2287 908 2354 aut
937 2279 976 2353 in
1009 2278 1228 2353 seminariis
1260 2279 1402 2352 nostris

168 2395 435 2492 magisterium
462 2401 680 2470 exercentes
706 2395 888 2470 scientiae
914 2397 1113 2494 augendae
1140 2394 1312 2492 prosint;
1339 2394 1401 2469 vel

169 2509 285 2585 etiam
303 2510 344 2584 in
362 2511 487 2584 causis
506 2511 769 2586 ecclesiasticis
788 2511 1070 2609 pertractandis
1089 2511 1224 2585 utilem
1242 2535 1401 2608 operam

169 2652 312 2700 navare
335 2634 488 2725 queant.
542 2627 803 2717 Quamobrem
830 2652 1063 2724 magnopere
1090 2627 1304 2724 optandum
1331 2634 1401 2719 est,

168 2749 212 2817 ut
235 2742 340 2817 hisce
366 2743 406 2816 in
430 2743 602 2817 Statibus
627 2743 867 2840 praeclarum
887 2744 1082 2842 quoddam
1106 2742 1287 2816 scientiae
1305 2742 1401 2817 exis·

168 2866 266 2933 teret
294 2867 481 2949 centrum,
507 2858 548 2933 in
580 2885 655 2957 quo
675 2859 842 2957 juvenes
866 2859 1069 2958 ingenioe
1050 2866 1088 2933 t
1114 2866 1240 2934 mr
1240 2884 1401 2957 eprae-

168 2975 352 3065 valentes,
376 2982 557 3049 consueto
584 2975 802 3049 studiorum
831 2975 1008 3049 absoluto
987 3000 1161 3067 coursu,
1186 2974 1402 3073 disciplinis

167 3091 403 3190 theologicis,
422 3090 485 3165 vel
507 3091 589 3189 juri
615 3091 808 3184 canonica
827 3098 896 3166 aut
912 3034 1189 3189 philosophicis
1213 3117 1291 3165 una
1314 3116 1401 3165 cum

168 3208 410 3283 naturalibus
428 3207 598 3281 scientiis
616 3207 779 3306 aliisque
792 3233 890 3305 quae
904 3208 1008 3282 viros
1022 3207 1296 3282 ecclesiasticos
1314 3232 1400 3281 nos-

167 3331 289 3398 trates
315 3325 461 3416 decent,
489 3331 568 3398 tres
594 3331 808 3421 quatuorve
825 3349 955 3397 annos
981 3324 1206 3421 impendere
1232 3331 1401 3422 possent,

168 3439 223 3514 ita
239 3447 294 3531 ut,
308 3438 515 3514 seminario
533 3439 604 3513 tali
622 3439 741 3514 semel
758 3439 923 3537 incepto,
942 3440 1149 3515 haberetur
1167 3440 1324 3513 nucleus
1339 3439 1401 3514 vel

166 3581 325 3654 germen
351 3557 547 3654 quoddam
574 3558 688 3649 unde,
706 3557 860 3631 favente
882 3555 954 3631 Dei
981 3556 1117 3654 gratia,
1136 3556 1304 3653 perfecta
1330 3581 1400 3631 suo

168 3678 342 3769 tempore
359 3671 611 3747 effloresceret
626 3672 843 3747 studiorum
863 3672 1107 3747 universitas.

218 3789 302 3864 183.
340 3788 399 3862 Re
433 3796 584 3863 mature
619 3814 821 3887 perpensa,
845 3796 1109 3863 convenerunt
1142 3789 1291 3879 Patres,
1315 3791 1400 3889 jam

167 3905 370 3980 advenisse
395 3916 561 4003 tempus,
579 3931 656 4004 quo
681 3907 828 4003 grande
854 3905 925 3979 hoc
942 3930 1040 4003 opus
1057 3905 1318 3981 inchoandum
1337 3907 1399 3982 sit.

167 4022 280 4110 Quod
299 4030 343 4096 ut
359 4029 515 4095 strenue
528 4029 723 4120 urgeatur,
738 4021 866 4096 visum
885 4028 944 4096 est
961 4021 1132 4096 Concilio
1152 4022 1399 4097 Commissio-

167 4162 257 4211 nem
274 4137 478 4212 instituere
504 4138 612 4234 cujus
638 4137 722 4228 erit,
741 4137 891 4211 collat-is
917 4137 1088 4211 consiliis
1114 4137 1155 4212 id
1181 4138 1339 4231 conniti,
1358 4146 1402 4213 ut

167 4237 458 4352 quamprimum
479 4253 562 4328 fieri
586 4254 719 4352 possit,
744 4253 1004 4328 Seminarium
1030 4256 1227 4352 quoddam
1252 4254 1399 4329 Princi-

167 4371 255 4468 pale
276 4396 347 4469 pro
368 4369 542 4445 Statibus
560 4369 694 4445 Unitis
711 4370 915 4445 Americae
936 4371 1258 4467 Septentrionalis
1279 4396 1401 4469 prope

166 4486 363 4561 civitatem
382 4487 577 4585 quandam
605 4485 798 4584 insignem
825 4511 868 4560 ac
893 4486 1121 4585 populosam
1150 4487 1331 4585 erigatur,
1350 4488 1401 4561 ad

169 4602 274 4701 quod
302 4601 473 4700 undique
500 4600 627 4676 clerici
655 4601 949 4700 praestantioris
975 4601 1134 4700 ingenii,
1158 4602 1400 4677 ordinarium
