3142 5242
216 465 256 528 12
348 481 532 528 TITULUS
562 482 714 529 11.—1)s
744 481 954 530 PERSONIS
983 482 1346 529 ECCLESIASTIOIS.

214 638 262 712 de
279 635 392 711 Statu
412 636 605 711 Dioecesis
624 636 869 712 Relationem
895 639 947 712 ad
973 638 1154 713 Sanctam
1178 637 1318 713 Sedem
1336 638 1451 736 juxta

214 778 363 828 morem
396 752 513 851 hujus
547 754 586 828 S.
621 753 942 853 Congregationis
976 753 1142 852 singulis
1174 753 1451 853 quinquenniis

213 868 464 945 transmittat.
505 869 564 945 De
581 870 760 968 expensis
778 869 962 969 Episcopi
978 896 1189 969 eorumque
1206 895 1303 969 quos
1319 895 1449 945 secum

214 985 321 1060 ducit
336 986 606 1084 providebitur
622 986 664 1061 in
681 986 838 1086 Synodo
856 986 1104 1062 Dioecesana.
1145 985 1324 1086 Denique
1342 1011 1449 1061 aecu-

213 1109 340 1176 ratam
358 1101 593 1183 visitationis
609 1102 839 1178 relationem
863 1103 905 1178 in
928 1103 1082 1203 scriptis
1105 1101 1190 1179 fieri
1210 1103 1450 1195 6616111616-

213 1243 332 1317 copus
350 1218 390 1293 in
409 1218 581 1293 archivio
600 1220 825 1294 dioecesano
843 1221 1131 1300 asservandum.

265 1337 324 1410 15.
352 1335 479 1424 Quam
503 1336 600 1411 utile
623 1334 676 1411 sit
698 1343 853 1412 sanctae
871 1335 945 1411 Dei
970 1335 1174 1430 Ecclesiae,
1193 1337 1314 1412 immo
1332 1360 1450 1434 quam

214 1451 472 1526 necessarium
502 1458 548 1527 ut
573 1451 802 1527 Dominicus
830 1477 926 1551 grex
955 1452 1110 1528 nonnisi
1140 1478 1212 1551 per
1237 1452 1451 1551 Episcopos

214 1568 401 1660 doctrina,
420 1568 640 1666 prudentia,
658 1567 803 1668 pietate
821 1593 865 1643 ac
881 1568 963 1644 zelo
981 1567 1259 1667 praecellentes
1281 1575 1449 1666 regatur,

214 1691 254 1760 et
294 1687 474 1759 cordatus
507 1684 670 1784 quisque
708 1709 778 1783 per
811 1711 853 1760 se
886 1686 1007 1784 probe
1050 1684 1169 1777 novit,
1205 1691 1245 1760 et
1286 1683 1450 1759 historia

214 1799 390 1875 omnium
424 1801 667 1875 saeculorum
710 1801 927 1881 luculenter
959 1808 1136 1877 testatur.
1205 1801 1453 1899 Quapropter

214 1915 339 1991 tribus
365 1917 506 1991 abhinc
531 1916 693 1992 saeculis
719 1917 970 1993 Sacrosancta
999 1916 1228 1993 Tridentina
1260 1917 1451 2017 Synodus,

215 2058 291 2131 quo
317 2033 458 2108 melius
484 2033 657 2132 collapsa
682 2033 938 2109 ecclesiastica
961 2032 1167 2132 disciplina
1191 2032 1451 2122 revivisceret,

215 2174 418 2248 moresque
435 2149 528 2224 cleri
545 2157 585 2224 61
602 2149 737 2248 populi
762 2149 805 2225 in
827 2151 997 2226 deterius
1014 2149 1118 2225 versi
1135 2150 1452 2241 reformarentur,

216 2265 501 2364 sapientissime
518 2265 713 2364 judicavit
735 2267 786 2341 ab
808 2265 894 2365 ipso
913 2265 1152 2365 Episcopatu
1173 2265 1454 2342 exordiendum

215 2407 319 2474 csse3
346 2382 512 2456 salutem
531 2382 636 2457 enim
661 2383 906 2458 subditorum
929 2382 971 2457 in
995 2382 1304 2481 praesidentium
1327 2379 1452 2479 integ·

215 2497 330 2572 ritate
347 2497 555 2573 consistere
580 2500 771 2575 credebat.
819 2498 890 2596 (cf.
908 2499 1022 2574 Cone.
1037 2498 1156 2587 Tria,
1174 2500 1411 2591 Sess.v1.,c.
1431 2499 1453 2571 l

216 2615 264 2689 de
282 2613 383 2713 Res.)
437 2614 606 2689 Romani
625 2613 831 2690 Pontifices
848 2640 1014 2690 canones
1031 2614 1104 2690 hac
1121 2617 1170 2690 de
1187 2613 1290 2689 rein
1308 2638 1453 2688 memo·

216 2739 302 2805 rata
325 2732 481 2829 synodo
505 2731 606 2806 latos
631 2756 709 2806 non
727 2732 855 2806 solum
873 2731 1125 2806 vehementer
1140 2732 1367 2830 probarunt,
1385 2730 1455 2804 sed

217 2854 256 2922 et
284 2846 500 2921 executioni
531 2848 774 2922 mandandos
803 2872 958 2946 semper
987 2853 1028 2923 et
1057 2848 1201 2946 ubique
1229 2844 1455 2921 fidelissime

216 2971 410 3039 curarunt.
464 2962 522 3040 Ut
539 2965 587 3039 de
604 2972 738 3038 nostra
754 2965 1026 3039 tantummodo
1045 2963 1220 3038 Ecclesia
1235 2963 1453 3061 loquamur,

217 3079 397 3154 omnibus
422 3088 558 3155 notum
582 3086 642 3155 est
663 3088 811 3179 quanta
833 3079 1095 3155 sollicitudine
1117 3078 1394 3173 laboraverint,
1412 3085 1457 3152 ut

218 3195 381 3294 singulis
404 3221 475 3294 per
501 3197 615 3271 hasce
639 3196 818 3294 regiones
843 3195 1083 3270 dioecesibus
1101 3193 1297 3294 Episcopi,
1316 3194 1452 3293 quales

219 3313 442 3411 postulabat
458 3312 660 3410 religionis
677 3313 858 3387 honoret
878 3337 1008 3387 rerum
1026 3320 1249 3387 nostrarum
1265 3317 1455 3409 tempora,

219 3428 394 3503 doctrina
427 3428 608 3527 praediti,
639 3428 785 3526 pietate
819 3453 864 3503 ac
897 3428 1106 3527 prudentia
1137 3425 1311 3526 insignes
1345 3451 1455 3524 prae·

218 3545 432 3619 ficerentur.
486 3544 599 3633 Quod
635 3544 814 3642 apprime
847 3552 1040 3619 testantur
1072 3550 1133 3620 tot
1165 3543 1455 3635 declarationes,

219 3660 491 3735 instructiones
517 3668 557 3735 et
580 3663 733 3735 decreta
758 3685 830 3760 per
852 3662 890 3735 S.
913 3660 1260 3759 Congregationem
1285 3661 1335 3734 de
1361 3658 1454 3733 Pro·

220 3760 400 3874 paganda
426 3778 524 3852 Fide
550 3777 654 3852 edita
673 3777 759 3874 jam
785 3777 877 3852 inde
902 3778 953 3850 ab
977 3802 1080 3852 anno
1107 3777 1208 3852 1834
1231 3776 1282 3851 ad
1307 3800 1456 3850 annum

221 3894 330 3985 1883,
348 3919 424 3990 quo
444 3893 627 3967 Patribus
653 3894 769 3991 hujus
788 3893 950 3967 Concilii
972 3900 1157 3992 tanquam
1182 3916 1322 3966 norma
1338 3916 1455 3990 quam

219 4034 314 4107 prae
348 4009 469 4084 oculis
503 4010 702 4101 haberent,
728 4009 928 4108 proposita
958 4009 1065 4083 fuere
1098 4033 1197 4106 quae
1230 4015 1456 4105 sequuntur.

221 4125 348 4213 Quam
384 4151 562 4199 normam
597 4127 713 4224 pleno
748 4125 890 4199 mentis
925 4133 964 4199 et
996 4125 1122 4199 cordis
1156 4123 1339 4221 obsequio
1375 4122 1456 4196 Nos

221 4249 423 4339 sequentes
449 4242 713 4316 decernimus:

272 4356 305 4432 I.
340 4357 504 4445 Quando
539 4360 590 4432 ob
621 4360 751 4432 sedem
787 4367 988 4433 vacantem
1023 4358 1275 4457 proponenda
1302 4362 1394 4431 sunt
1418 4356 1455 4428 S.

222 4473 312 4547 Sedi
346 4474 505 4548 nomina
538 4500 672 4549 eorum
708 4474 774 4572 qni
812 4474 1110 4549 commendandi
1144 4473 1352 4546 videantur
1386 4496 1456 4569 pro

223 4589 385 4663 dioecesi
425 4599 595 4685 vacante,
631 4599 889 4665 convocentur
931 4591 1168 4664 consultores
1211 4597 1250 4662 et
1292 4597 1456 4662 rectores
