3142 5242
201 446 273 512 lxiv
337 465 581 511 coucrnruu
611 463 876 510 renuamus
906 458 1249 507 aaarruonuusn
1276 456 1350 506 111.

564 637 637 702 III.
667 636 725 702 Du
748 637 863 700 Novrs
886 635 1076 698 blarumrs.

245 791 290 856 In
318 792 562 878 congregatione
590 790 749 877 vigesima
776 789 912 875 septima
940 788 1068 876 privata
1095 784 1318 852 “Commissio
1344 806 1443 871 super

202 895 356 960 Materiae
370 894 483 960 Novas
493 892 514 926 ''
529 894 651 977 retulit,
666 916 748 979 quae
761 901 960 979 sequuntur:

246 999 277 1065 I.
310 997 553 1085 supplicaturos
574 1020 641 1063 esse
662 996 696 1063 S.
717 995 794 1062 Sedi
816 995 885 1061 ΡΡ.
906 994 1047 1062 Clerioos
1070 993 1236 1060 Missionis
1256 1001 1290 1059 et
1310 990 1444 1058 Puellae

203 1102 378 1168 Charitatis
399 1110 436 1166 ut
458 1101 491 1168 S.
512 1101 708 1170 Vincentius
736 1123 757 1166 a
786 1099 891 1164 Paulo
911 1098 1090 1164 declaretur
1111 1098 1272 1164 Patronus
1296 1095 1445 1162 omnium

203 1206 338 1271 Piorum
358 1204 504 1291 Operum
524 1204 688 1291 orphanis,
701 1204 806 1292 aegris
825 1211 859 1269 et
880 1202 1047 1289 egentibus
1063 1200 1271 1268 sublevandis
1280 1224 1290 1283 3
1313 1207 1347 1265 et
1359 1198 1446 1266 velle

204 1319 241 1374 ut
262 1310 329 1374 suis
351 1332 458 1396 preces
481 1308 619 1375 concilii
640 1309 800 1374 accedant.
856 1306 908 1373 II.
944 1306 1189 1393 Supplicaturos
1210 1305 1288 1369 item
1311 1303 1346 1370 S.
1368 1302 1446 1369 sedi

204 1413 273 1479 ΡΡ.
296 1413 462 1479 Societatis
484 1412 564 1478 Jcsu
584 1421 623 1478 ut
641 1412 864 1478 introducatur
882 1432 978 1476 cansa
998 1409 1248 1475 Beatificationis
1268 1407 1446 1474 Servorum

203 1517 266 1582 Dei
287 1518 389 1583 Isaaci
409 1517 432 1584 J
434 1540 532 1604 ogues
546 1527 578 1582 et
598 1516 716 1583 Renati
731 1515 854 1602 Goupil
868 1514 1010 1602 ejusdem
1024 1512 1189 1580 Societatis
1203 1521 1237 1579 et
1253 1511 1449 1578 Catharinae

204 1621 421 1708 Tegakwitae,
451 1622 591 1708 virginis
621 1621 826 1709 Iroquensis;
863 1642 1003 1707 quorum
1035 1618 1113 1683 haec
1141 1617 1211 1684 vita
1238 1615 1449 1703 moribusque

203 1725 420 1807 sanctissimis,
444 1725 495 1788 illi
522 1724 594 1790 fuso
619 1748 679 1812 pro
700 1724 831 1790 Christo
852 1723 1017 1810 sanguine,
1039 1722 1124 1788 hano
1143 1721 1307 1808 regionem
1328 1716 1450 1785 nobili-

204 1838 333 1911 tarunt;
356 1829 440 1894 velle
454 1828 580 1894 eosdem
599 1838 637 1894 ut
656 1852 731 1898 cum
745 1827 890 1914 ipsorum
903 1826 990 1893 votis
1004 1826 1143 1893 Concilii
1156 1833 1234 1892 vota
1247 1826 1450 1912 conjungan-

204 1942 260 1998 tur
279 1943 312 1998 et
333 1934 494 1997 Postrduto
515 1933 718 1999 subscribant
739 1932 860 1998 Patres.
914 1930 987 1997 111.
1021 1929 1188 1996 Orendam
1208 1951 1276 1994 esse
1296 1927 1450 1995 Sancum

205 2036 330 2120 Sedem,
345 2046 384 2102 ut
402 2036 618 2102 sacerdotibus
632 2035 748 2101 nostris
763 2035 856 2100 liceat
874 2034 910 2099 in
929 2044 1093 2121 posterum
1107 2032 1224 2099 Officia
1243 2033 1377 2098 recitare
1389 2029 1450 2098 SS.

206 2139 353 2226 Philippi
375 2139 395 2205 a
417 2141 505 2221 lesu,
522 2140 686 2205 Francisci
706 2138 827 2222 Solani,
847 2147 880 2203 et
898 2137 1043 2203 Turribii
1066 2136 1209 2220 Limani‚
1230 2135 1290 2223 qui
1312 2134 1453 2202 Novum

206 2242 328 2308 Orbem
345 2243 578 2329 praedicatione
597 2252 629 2308 et
649 2243 811 2307 miraculis
825 2238 1051 2306 illustrarunt.l
1096 2240 1190 2320 Quae
1203 2238 1315 2305 omnia
1332 2237 1453 2304 unani-

206 2347 252 2410 mi
269 2368 424 2411 consensu
441 2347 552 2411 Patres
567 2347 754 2433 probarunt.

354 2521 421 2589 IV.
454 2521 512 2585 Da
534 2521 601 2586 P10
623 2521 656 2586 S.
679 2521 885 2585 Pourrrrcrs
908 2519 1036 2585 Orsus
1059 2538 1099 2583 av
1122 2518 1301 2585 Ommrr.

253 2674 297 2739 In
318 2676 562 2761 congregatione
582 2674 740 2761 vigesima
760 2682 872 2739 octava
893 2674 1022 2760 privata
1036 2673 1189 2760 Archiep.
1204 2669 1454 2760 Ohioeginensis

208 2778 361 2843 Patribus
383 2779 417 2842 in
440 2788 580 2843 mentem
601 2778 765 2844 revocavit
786 2777 873 2863 ipsos
894 2777 1076 2864 promisisse
1092 2778 1211 2863 stipem
1224 2776 1379 2863 colligere
1391 2797 1454 2862 pro

208 2881 349 2968 quodam
371 2880 478 2966 Opere
499 2881 571 2964 Pio,
587 2879 675 2968 quod
696 2880 754 2946 SS.
770 2879 814 2947 D.
831 2881 875 2947 N.
891 2881 960 2946 Leo
976 2880 1088 2946 XIII.
1105 2878 1180 2944 fidei
1201 2901 1261 2966 per
1282 2877 1454 2944 Orientem

209 2984 432 3070 propagandae
442 2984 609 3049 instituere
629 2985 758 3071 cogitat.
804 2983 979 3070 Proposuit
993 2982 1211 3048 Bostoniensis
1226 2990 1265 3047 ut
1278 2980 1322 3048 ad
1337 2981 1454 3047 Ponti·

210 3088 301 3151 ficem
315 3087 431 3151 scribat
446 3087 620 3174 Delegatus
634 3097 666 3152 et
674 3087 715 3152 ab
726 3111 763 3152 eo
774 3088 946 3174 praecisam
958 3087 1013 3152 Pii
1024 3086 1141 3174 Operis
1154 3095 1288 3173 quaerat
1299 3084 1454 3169 indolem,

210 3213 275 3277 quo
290 3189 398 3253 fideles
411 3190 453 3254 ad
472 3190 609 3255 alacrius
625 3189 768 3255 dandum
788 3191 975 3256 excitentur.
1019 3189 1217 3276 Spcspondit
1235 3212 1269 3255 se
1290 3189 1454 3254 facturum

212 3293 394 3378 Delegatus.
442 3292 593 3357 Patribus
615 3293 737 3378 placuit
758 3293 922 3358 collectam
944 3293 1029 3359 inter
1050 3293 1225 3360 octodecim
1248 3314 1375 3358 menses
1388 3313 1456 3358 eme

212 3395 399 3463 faciendam.

255 3498 330 3563 Hac
350 3499 438 3563 dere
456 3500 489 3563 in
512 3500 647 3585 epistola
666 3501 793 3586 privata
813 3502 855 3566 ad
877 3501 1071 3588 Delegatum
1093 3500 1322 3588 Apostolicum
1344 3501 1456 3567 datam

212 3603 265 3668 die
283 3604 339 3666 22·
356 3602 505 3668 Octobris
525 3606 569 3668 A.
585 3602 628 3669 D.
649 3607 744 3686 1885,
759 3604 837 3670 haec
855 3604 939 3669 inter
958 3605 1022 3670 alia
1040 3606 1200 3671 Sanctitas
1219 3605 1288 3670 Sua
1306 3605 1457 3692 scripsit:

256 3705 514 3770 “Gratissimum
542 3705 647 3771 Nobis
673 3706 797 3791 accidit,
825 3708 914 3795 quod
942 3709 1130 3794 accepimus,
1160 3718 1202 3791 te,
1233 3708 1353 3773 collata
1381 3730 1458 3773 cum

212 3808 322 3872 ceteris
344 3807 513 3894 Episcopis
537 3810 703 3894 sententia,
728 3812 892 3898 egregium
917 3812 1027 3877 iniisse
1051 3812 1224 3877 consilium
1250 3811 1458 3878 Catholicam

212 3912 392 3975 studiorum
415 3910 668 3978 Universitatem
696 3914 731 3978 in
757 3914 918 3998 America,
939 3938 1038 4002 quam
1067 3916 1211 4002 primum
1241 3916 1314 3981 fieri
1343 3915 1458 4003 poaeit,

213 4012 366 4098 erigendi.
413 4012 560 4078 Profecto
575 4014 809 4103 Episcoporum
827 4019 987 4104 auspiciis,
1002 4019 1180 4106 patrocinio
1198 4042 1236 4085 ac
1249 4019 1350 4107 vigili
1369 4042 1459 4104 eure,

215 4138 331 4200 magno
350 4115 413 4180 erit
431 4116 500 4200 ipsa
518 4117 734 4183 emolumento
752 4127 824 4184 turn
843 4121 993 4207 religioni
1011 4133 1083 4187 turn
1102 4123 1226 4209 patriae
1247 4135 1395 4206 vestrae3
1426 4132 1460 4189 et

216 4217 374 4282 Catholici
399 4220 538 4283 nominis
562 4219 735 4304 splendori,
757 4223 939 4289 litterarum
961 4225 1231 4312 scientiarumque
1256 4227 1461 4292 incremento

216 4341 313 4405 quam
332 4320 472 4384 maxime
498 4322 658 4387 inserviet.
717 4323 876 4410 Equidem
906 4328 976 4392 Nos
1001 4352 1067 4393 non
1091 4329 1280 4415 ignoramus
1310 4331 1462 4417 ingentes

218 4435 364 4507 sumptus
378 4422 470 4486 vobis
485 4445 550 4486 esse
564 4424 603 4486 ad
620 4447 685 4489 rem
700 4427 922 4511 perficiendam
940 4433 1139 4515 necessarios,
1154 4433 1291 4520 ideoque
1305 4434 1372 4520 ipsi
1386 4434 1462 4500 Nos

253 4571 260 4602 ¹
271 4572 339 4624 l'ide
351 4574 492 4624 Decretum
505 4575 530 4624 S.
543 4574 576 4624 R.
588 4575 623 4638 C,
635 4577 707 4640 iufra,
720 4596 745 4643 p.
757 4582 798 4632 cii.
816 4581 823 4598 ⁸
