3142 5242
164 398 228 463 206
656 416 903 465 arraanrx.

162 570 223 637 bus
236 571 406 657 bonorum,
421 572 449 638 si
463 596 545 661 quae
563 572 699 661 ipsamet
712 570 841 659 Religio
854 570 1023 659 possident,
1036 569 1091 637 vel
1109 592 1153 636 ex
1170 568 1239 657 piis
1255 569 1390 635 fidelium

164 675 388 763 largitionibus
411 677 521 743 omnia
544 678 728 744 communia
751 676 880 760 babent,
902 698 1041 763 qnorum
1062 673 1106 740 ad
1125 674 1234 741 vitam
1252 672 1392 741 alendam

163 779 318 866 indigent.
363 781 472 861 Quem
491 803 569 847 vero
587 791 704 847 uocant
723 781 891 845 conamunie
910 800 1031 843 arem
1049 776 1177 861 titulus,
1195 798 1254 843 eos
1271 777 1393 843 clericos

162 883 302 970 attingit,
317 885 374 973 qui
390 885 627 972 Religiosornm
642 907 731 950 more
743 885 779 949 in
793 882 954 948 communi
965 883 1051 948 vitae
1063 880 1240 967 disciplina
1250 880 1393 969 degente

163 995 220 1053 aut
232 988 326 1053 nulla
343 998 531 1075 nuncupant
544 999 630 1072 vota,
643 998 702 1055 aut
720 988 880 1075 simplicia
897 995 1034 1070 tautum,
1048 984 1251 1073 proindeque
1267 1008 1287 1052 e
1305 986 1393 1051 domo

162 1091 310 1179 religiosa
330 1093 419 1159 exire
439 1102 497 1158 aut
516 1092 647 1176 dimitti,
669 1103 765 1179 atque
785 1092 828 1158 ad
848 1093 1008 1158 saeculum
1030 1092 1133 1157 redire
1154 1090 1392 1178 permittuntur.

163 1195 277 1282 Neque
290 1198 377 1262 enirn
387 1196 428 1262 ad
443 1220 496 1262 eos
509 1198 647 1284 pertinet
659 1196 776 1263 titulus
789 1197 993 1284 paupertatis,
1004 1205 1041 1261 ut
1055 1218 1097 1261 ex
1110 1195 1224 1263 const
1236 1196 1394 1261 &nouae

163 1298 326 1385 Peraisca¹
340 1324 365 1367 s.
383 1301 437 1366 Pii
451 1301 499 1370 V.
514 1300 691 1367 deducitur.
735 1300 865 1369 Verum
879 1322 922 1365 ex
935 1299 1021 1365 hisce
1034 1299 1169 1367 Clerieis
1184 1299 1209 1365 ii
1229 1299 1393 1366 dumtaxat

162 1404 340 1471 eommunis
353 1428 479 1471 mensae
492 1404 588 1469 titulo
602 1404 784 1491 promoveri
794 1403 836 1469 ad
849 1426 954 1470 sacros
963 1403 1090 1469 ordines
1103 1414 1252 1491 possunt,
1262 1425 1393 1492 qnorum

162 1506 429 1594 Congrcgationss
443 1518 500 1575 nait
513 1508 669 1574 Instituta
682 1507 834 1595 peculiari
852 1507 895 1573 ad
914 1506 950 1573 id
967 1506 1140 1596 priuilegio
1152 1507 1197 1573 ab
1210 1507 1395 1596 Apostolioe

162 1608 243 1678 Sede
256 1624 348 1678 aucta
361 1613 490 1679 fuerint.

207 1719 238 1782 6.
269 1717 400 1782 Titulus
418 1718 533 1782 servitii
546 1718 702 1783 Ecclesia
713 1717 771 1806 qui
790 1717 872 1784 olim
891 1714 1072 1783 ordinarius
1090 1726 1169 1802 erat,
1183 1728 1286 1805 prout
1303 1738 1394 1805 supra

161 1818 349 1885 adnotatum
369 1821 442 1904 fuit,
457 1830 490 1887 et
508 1831 617 1908 postea
635 1822 738 1888 evasit
755 1822 1037 1904 extraordinarius,
1051 1822 1092 1887 iis
1110 1821 1308 1910 quandoque
1324 1845 1395 1887 eon·

162 1924 295 2008 ceditur,
316 1926 375 2012 qui
403 1949 477 1990 cum
502 1925 662 1991 Beneficio
689 1925 898 1991 ecclesiastico
921 1923 975 1993 vel
1003 1925 1156 2012 pensione
1182 1935 1324 2009 careant,
1342 1934 1396 1992 aut

162 2029 400 2114 patrimonialia
423 2030 550 2116 aliaque
574 2029 659 2095 bona
682 2052 749 2095 non
769 2030 962 2117 possideant,
982 2051 1021 2095 ea
1044 2028 1115 2115 lege
1138 2028 1343 2113 ordimurtur,
1362 2038 1397 2093 ut

162 2132 258 2197 alicui
273 2133 433 2199 Ecclesiae
446 2133 512 2198 siut
525 2134 709 2220 mancipati,
722 2156 764 2199 ex
777 2135 869 2198 carius
882 2133 1013 2199 servitio
1026 2141 1060 2198 et
1073 2133 1285 2219 eleemosynis
1299 2157 1322 2200 a
1339 2132 1397 2221 piis

163 2236 435 2303 Christifidclibus
448 2237 639 2324 elargiendis
657 2236 851 2303 substentari
869 2237 1002 2324 possint,
1015 2244 1050 2303 et
1066 2236 1109 2303 ab
1126 2236 1238 2302 endem
1258 2236 1397 2303 Ecclesia

163 2340 255 2405 nullo
269 2364 413 2428 unquam
426 2350 570 2428 tempore
582 2341 725 2407 amoveri
739 2340 793 2408 vel
815 2341 879 2428 ipsi
891 2341 1034 2407 recalere
1046 2350 1216 2428 nequeant,
1231 2341 1296 2407 nisi
1310 2341 1398 2407 alites

162 2444 208 2509 eis
222 2445 389 2530 provisum
408 2444 527 2527 fucrit3
548 2468 613 2533 quo
626 2443 723 2510 titulo
736 2453 775 2510 ut
788 2445 855 2511 suis
867 2444 990 2510 clericis
1002 2466 1107 2510 sacros
1128 2444 1259 2511 ordines
1276 2445 1398 2512 confu-

161 2559 211 2613 ret
225 2571 250 2613 s.
266 2571 310 2614 m.
323 2547 457 2637 ,Sixtum
472 2548 521 2616 V.
538 2548 741 2614 Patriarebae
754 2548 969 2616 Venetiarum
982 2546 1153 2615 indulsisse
1165 2548 1317 2616 corrstat.²

207 2655 238 2717 6.
261 2652 409 2738 Denique
430 2652 546 2718 titulus
565 2652 735 2736 Meeiouie,
751 2650 795 2718 de
813 2675 879 2740 quo
900 2652 1102 2739 potissimum
1124 2652 1194 2719 heio
1214 2676 1323 2720 sermo
1342 2663 1397 2738 est,

162 2757 391 2843 praetermissis
412 2757 518 2822 titulis
537 2758 731 2843 sufficientiae
750 2764 778 2821 et
799 2757 926 2841 cellapii,
947 2755 1041 2845 (quos
1062 2767 1176 2843 utpote
1195 2781 1271 2825 raro
1291 2783 1398 2825 oecur-

162 2872 266 2924 rentes
279 2869 406 2925 baritum
429 2883 688 2927 commemorasse
707 2871 758 2927 sat
778 2862 863 2947 crit),
877 2861 1023 2926 adbiberi
1036 2863 1213 2945 consucvit,
1227 2886 1303 2928 cum
1317 2864 1398 2929 alius

162 2963 326 3051 legitimus
354 2965 472 3030 titulus
500 2965 586 3030 haud
612 2966 762 3051 suppetit,
786 2987 847 3052 pro
872 2965 922 3048 iis,
947 2965 1006 3053 qui
1031 2966 1206 3031 maioribus
1230 2967 1397 3033 onliuibus

162 3067 282 3132 initiari
297 3069 442 3153 cupiunt,
454 3078 491 3134 ut
505 3069 764 3155 Apostolicorum
778 3069 966 3134 missionum
980 3070 1113 3135 servitio
1126 3093 1193 3135 sese
1206 3070 1398 3154 devoveant.⁸

163 3171 206 3236 Id
219 3183 328 3237 autem
342 3196 434 3259 saepe
448 3173 606 3259 contingit
627 3172 661 3236 in
686 3173 762 3237 locis
783 3174 982 3257 missionum,
997 3174 1032 3239 in
1046 3175 1164 3261 quibus
1178 3198 1216 3241 ea
1229 3184 1279 3241 est
1291 3198 1395 3240 rerum

161 3277 312 3359 corrditio,
326 3286 365 3341 nt
378 3299 546 3341 commune
560 3276 720 3342 Ecclesiae
741 3277 792 3342 ius
805 3278 889 3343 cirea
902 3299 948 3360 ea,
964 3301 1046 3364 quac
1066 3278 1108 3343 ad
1128 3280 1394 3366 praerequisitam

162 3403 221 3465 pro
234 3402 322 3444 sacra
336 3379 549 3445 Ordinatiouc
568 3381 702 3445 titulum
719 3391 871 3467 spactant,
886 3383 1005 3446 servari
1019 3382 1215 3448 adamussim
1229 3392 1392 3471 nequeant.

163 3483 230 3562 Qui
245 3507 322 3550 vcro
343 3483 527 3549 huiusmodi
548 3484 645 3549 titulo
665 3485 804 3550 ordinati
823 3495 909 3568 suut,
925 3485 949 3550 ii
963 3508 1004 3550 ex
1018 3487 1207 3572 Apostolico
1220 3487 1394 3552 ministerio

162 3587 197 3652 in
209 3588 369 3670 missione,
380 3587 433 3652 cui
447 3587 576 3653 fuerunt
591 3588 720 3669 addicti,
732 3587 772 3652 ad
785 3590 907 3654 vietum
922 3590 1094 3655 necessaria
1104 3605 1352 3679 consequuntur.

207 3691 237 3758 7.
267 3691 331 3756 Sul
353 3691 556 3777 exploratum
578 3700 636 3775 est,
659 3691 850 3757 Onlinarios
871 3693 994 3759 clericis
1017 3694 1115 3760 titulo
1139 3695 1308 3762 Missiouis
1332 3718 1392 3761 non

162 3818 254 3882 posse
280 3817 323 3861 ss.
352 3795 604 3861 Ordinationum
634 3818 767 3860 munera
794 3795 962 3882 impertiri,
991 3798 1055 3863 nisi
1082 3800 1213 3885 speciali
1242 3800 1278 3867 S.
1307 3799 1392 3866 Salis

164 3899 290 3965 indulto
305 3899 423 3964 muniti
438 3900 522 3982 siut;
543 3901 650 3986 agitur
664 3901 750 3965 enim
764 3899 805 3964 (le
818 3900 915 3967 titulo
928 3903 1180 3969 extraordinario
1194 3904 1253 3992 qni
1274 3918 1393 3992 praeter

164 4004 214 4069 ius
231 4026 401 4068 commune
421 4004 584 4068 adhibitus
606 4003 678 4071 suit.
724 4004 823 4085 Quod
841 4005 972 4091 quidem
994 4006 1158 4072 indultum
1172 4008 1392 4094 Superioribus

165 4106 357 4171 Missionum
379 4115 437 4172 aut
458 4107 676 4193 Collegiorum
698 4131 753 4173 scu
776 4108 1068 4195 Congregationum
1089 4133 1172 4197 quae
1192 4113 1392 4178 missionibus

164 4210 417 4293 inserviunt,ch
432 4210 473 4275 ad
487 4222 608 4275 certum
623 4221 758 4297 tempus,
770 4211 823 4276 vel
837 4212 879 4276 ad
892 4214 1070 4298 praefixum
1085 4238 1217 4280 cautim
1229 4238 1392 4281 numerum

198 4363 288 4417 ¹Prid.
300 4364 340 4416 Id.
356 4364 435 4416 Octob.
448 4366 521 4417 1568.

197 4446 209 4477 ¹
216 4448 494 4515 Campanil.Diacraor.
506 4449 553 4501 iar.
565 4451 672 4500 carroru'e.
683 4450 749 4501 rubr.
763 4452 778 4501 8
793 4450 876 4518 Cap-l
887 4470 912 4503 a.
927 4454 965 4503 14.
977 4462 1003 4503 et
1015 4453 1122 4504 (lartias
1131 4453 1171 4505 Da
1183 4455 1287 4522 Retectis.
1299 4464 1362 4523 port.
1373 4455 1392 4513 2,

165 4548 217 4599 cup.
230 4533 269 4582 16.
280 4549 306 4583 a.
318 4532 359 4583 96.
