3142 5242
394 408 785 497 CONGREGATIONils
815 449 1201 498 PRAELIMINARES.
1333 456 1403 499 XXV

167 607 310 674 Demum
331 629 365 673 se
385 627 511 693 sperare
532 600 714 671 Concilium
736 603 824 670 istud
846 605 973 671 favente
1002 606 1064 671 Dei
1090 607 1194 693 gratia
1216 617 1249 672 ct
1272 607 1404 676 interos·
1496 621 1500 627 '

167 706 262 774 dente
276 707 316 773 B.
332 706 484 794 Virgine,
499 704 642 771 Patrona
655 704 786 787 Nostra,
800 704 898 769 talem
912 706 1037 769 exitum
1051 704 1238 770 habiturum
1253 705 1331 790 fore,
1345 706 1404 795 qui

168 810 254 877 votis
274 809 403 877 Summi
423 809 592 874 Pontificis
612 808 668 876 fel.
686 831 753 896 reg.
774 806 979 894 responderet
999 818 1096 895 atque
1117 808 1159 874 ad
1181 808 1245 874 Dei
1265 809 1404 897 gloriam

167 914 308 980 maxime
320 912 573 1001 promovendam
594 913 791 979 conduceret.

210 1017 244 1085 I.
274 1018 392 1084 Lectus
412 1003 461 1083 est
481 1015 597 1082 deinde
610 1024 643 1082 et
663 1016 856 1104 approbatus
877 1016 1041 1083 Elenohus
1055 1017 1277 1104 Synodalium.
1323 1019 1404 1086 Pro-

167 1131 307 1210 poncntc
334 1120 585 1207 Archiepisoopo
616 1120 651 1187 S.
677 1119 839 1186 Ludovici
866 1129 900 1186 et
934 1120 1064 1187 favente
1090 1122 1342 1209 Archiepiscopo
1368 1121 1403 1189 S.
1533 1181 1536 1186 .

168 1223 333 1292 Francisci
346 1225 470 1314 placuit
482 1224 629 1311 patribus
642 1222 791 1290 omnibus
805 1224 974 1290 concedere
987 1235 1102 1291 votum
1115 1224 1292 1292 decisivum
1307 1225 1405 1312 Epis·

167 1329 257 1416 copis
270 1327 519 1415 Coadjutoribus
532 1336 565 1393 et
578 1328 619 1393 iis
632 1327 690 1416 qui
704 1326 833 1393 sedibus
845 1327 912 1393 suis
925 1327 1151 1393 renuntiarunt
1163 1350 1286 1394 necnon
1308 1328 1405 1416 Epis-
1424 1395 1431 1408 ,

168 1455 322 1520 caporum
343 1430 398 1498 vel
427 1431 723 1497 administratorum
751 1431 1019 1518 procuratoribus.
1063 1430 1254 1518 Suggerenti
1274 1432 1406 1499 Cincin-

98 1584 103 1593 .
168 1536 302 1620 astensi,
324 1544 363 1602 ut
388 1535 571 1602 Concilium
599 1543 791 1622 protestetur
818 1557 853 1600 se
881 1534 968 1601 nolle
995 1542 1034 1600 ut
1061 1536 1185 1601 actione
1211 1558 1271 1601 sua
1298 1535 1406 1600 ullum

168 1639 400 1728 praejudicium
421 1639 457 1705 in
478 1638 591 1704 futuro
612 1639 678 1722 fiat,
693 1637 858 1725 respondit
881 1637 1043 1704 Petrensis
1064 1661 1133 1704 rem
1151 1639 1247 1704 istam
1268 1639 1405 1705 decisam

168 1766 234 1809 csse
246 1767 268 1811 a
280 1743 315 1811 S.
330 1743 596 1831 Congregatione‚
611 1749 648 1808 ut
661 1749 795 1828 apparet
807 1764 848 1806 ex
869 1752 946 1807 nota
959 1741 1100 1828 subjecta
1121 1742 1185 1809 No.
1202 1745 1246 1809 60
1268 1742 1405 1808 Concilii

168 1846 412 1914 Baltimorensis
427 1846 572 1912 Plenarii
585 1845 639 1912 II.

150 1939 154 1946 ¹
213 1950 299 2018 Cum
312 1974 389 2017 vero
402 1949 445 2017 dc
464 1950 563 2016 electo
579 1949 740 2038 Episcopo
754 1949 1008 2037 Covingtcnensi
1022 1960 1055 2016 et
1068 1950 1203 2019 Vicaric
1218 1950 1406 2038 Apostolioo

168 2054 323 2127 Idahensi
343 2063 500 2142 ageretur,
523 2053 698 2142 Delegatus
713 2054 919 2140 apostolicus
940 2076 960 2118 a
981 2053 1146 2120 Praefecto
1166 2054 1201 2121 S.
1225 2055 1406 2141 Congrega-

168 2158 266 2225 tionis
292 2158 334 2225 de
363 2159 461 2246 Prop.
491 2156 576 2224 Fide
603 2157 818 2244 telegraphioe
845 2157 1022 2243 quaesivit:
1068 2159 1089 2193 “
1100 2157 1263 2223 Poteritne
1290 2167 1405 2224 votum

168 2262 346 2329 decisivum
374 2260 504 2329 concedi
537 2260 697 2328 Glorieux
734 2259 897 2346 Maeeque,
927 2259 1081 2347 episcopis
1109 2259 1225 2344 electis,
1254 2260 1406 2328 brevibus

168 2367 314 2432 nondum
327 2366 461 2454 acceptis
469 2369 486 2433 ‘l
494 2364 515 2398 ”
524 2362 536 2402 ¹

212 2469 333 2558 Rogati
346 2480 423 2537 sunt
435 2478 654 2558 procuratores
667 2477 706 2534 ut
722 2469 830 2535 literas
851 2469 1083 2557 procurationis
1104 2468 1302 2554 exhiberent,
1317 2465 1405 2557 quod

167 2595 243 2641 cum
256 2573 405 2640 fecissent
418 2573 519 2640 Adm.
533 2573 577 2640 R.
593 2567 720 2639 Phelan
733 2581 766 2638 ct
780 2573 863 2639 Rev.
879 2573 901 2638 J
903 2573 1001 2659 oseph
1016 2573 1187 2638 Lemmens
1201 2581 1404 2640 recesserunt.

213 2677 265 2745 Π.
295 2677 395 2744 lecto
408 2686 442 2743 et
454 2677 630 2764 approbato
643 2676 789 2763 catalogo
803 2674 998 2741 Officialium
1016 2675 1164 2760 Concilii‚
1178 2698 1312 2763 sequens
1326 2675 1406 2743 ordo

168 2779 425 2868 Deputationum
439 2780 673 2867 Episcoporum
687 2787 720 2845 et
738 2778 977 2867 Theologorum
990 2801 1086 2866 super
1098 2777 1243 2847 diversos
1256 2778 1405 2846 Schema-

168 2885 212 2951 tis
226 2884 337 2950 titulos
351 2893 383 2950 et
396 2885 500 2971 capita
513 2883 736 2970 promulgatus
750 2892 816 2948 est:

517 3110 548 3175 Ι.
577 3109 798 3195 Dcpututiocca
820 3110 1055 3196 Episcopooum.
1103 3186 1105 3190 μ

400 3345 611 3410 Dnrurarro
634 3345 664 3410 I.
680 3345 801 3410 Suras
823 3345 948 3411 Novas
971 3345 1175 3410 Marruuia.

337 3530 466 3597 Illmus.
482 3539 514 3596 et
528 3530 643 3596 Rmus.
660 3530 784 3616 Archp.
800 3494 1026 3596 Bostcniensis

311 3655 314 3660 ·
387 3636 408 3671 “
577 3635 597 3670 “
709 3635 729 3668 “
804 3633 1070 3700 Milwaukiensia

388 3740 410 3800 .“
579 3740 599 3774 “
709 3740 729 3773 “
804 3737 1054 3824 Chicaginensis.

426 3975 638 4040 Darurarro
661 3975 712 4040 ΙΙ.
735 3975 857 4040 Suana
880 3974 1153 4040 Carncmsuuu.

338 4160 467 4227 Illmus.
483 4170 515 4226 et
529 4160 645 4227 Rmus.
661 4162 783 4247 Archp.
798 4159 846 4226 St.
862 4159 1019 4226 Francisi.

388 4266 409 4301 ‘⁴
577 4266 597 4301 “
671 4263 778 4350 Episc.
794 4263 1084 4350 Burlingtonensis.

206 4483 312 4538 ¹Emus.
327 4483 479 4537 Praefectus
493 4500 542 4552 per
557 4483 682 4535 nuntium
698 4483 908 4550 telegraphicum
924 4482 1073 4550 respondit:
1093 4481 1283 4548 “Affirmative
1296 4481 1406 4534 subscri·

169 4567 236 4620 bant
247 4575 277 4619 ut
288 4566 414 4636 Episcopi
424 4566 525 4619 electi.’'
