3142 5242
341 472 395 519 nn
424 473 531 521 vrrs
560 473 612 519 nr
642 472 899 520 nounsrarn
929 473 1224 521 cenarcoauu.
1356 460 1396 522 41

163 653 228 706 cas
262 627 489 729 disciplinas
522 629 813 729 complectatur,
843 634 883 704 ct
915 627 1165 729 physicorum
1199 629 1252 704 sit
1284 637 1399 730 atque

163 744 436 822 historicorum
462 745 692 821 tractatione
717 744 900 844 locuples.
953 743 1191 843 Eripiendus
1213 751 1273 821 est
1295 746 1399 821 enim

164 887 273 938 error
289 861 494 938 hominum
513 861 731 960 multiplex,
748 859 905 959 singula
920 859 1165 937 Christianae
1187 861 1401 961 sapientiae

164 978 419 1055 fundamenta
435 977 759 1072 convellentium
784 977 1089 1077 luctandumque
1109 1002 1295 1078 persaepe
1310 1003 1400 1054 cum

165 1080 414 1171 adversariis¹
434 1093 745 1194 apparatissimis
778 1093 821 1169 in
855 1094 1091 1193 disputando
1124 1093 1400 1195 pertinacibus,

164 1211 232 1312 qui
263 1210 438 1287 subsidia
471 1210 547 1286 sibi
575 1236 624 1287 ex
653 1210 761 1286 omni
791 1210 1041 1287 scientiarum
1074 1235 1215 1310 genere
1243 1209 1399 1311 conqui-

163 1327 292 1404 runt.”
349 1327 442 1427 (Lit.
462 1327 620 1428 Encyol.
638 1329 690 1403 ad
707 1327 809 1426 Epp.
830 1326 979 1420 Italiae,
998 1328 1047 1401 15
1064 1328 1177 1402 Febr.
1197 1328 1324 1427 1882.)

214 1445 275 1523 77.
329 1442 502 1535 Ecclesia
551 1443 782 1543 praescribit
827 1450 1005 1543 oportere
1047 1442 1230 1519 clericum
1272 1449 1401 1520 vestes

164 1561 323 1662 proprio
340 1586 410 1636 suo
428 1560 547 1636 statui
564 1567 820 1659 congruentes
837 1584 992 1659 semper
1008 1560 1170 1636 deferre.
1216 1559 1403 1636 Decentia

165 1702 333 1778 namque
379 1677 536 1753 habitus
582 1676 732 1752 externi
778 1678 958 1752 ostendat
1003 1683 1156 1776 oportet
1205 1676 1401 1754 internam

164 1819 321 1870 morum
367 1793 622 1870 honestatem.
707 1792 916 1869 Praeterea
966 1792 1123 1869 habitus
1172 1793 1402 1870 clericorum

164 1910 372 2010 peculiaris
417 1910 641 2010 gerentibus
685 1935 764 1985 non
806 1910 934 1985 solum
976 1908 1236 1986 reverentiam
1277 1910 1403 1987 celsae

165 2034 290 2102 status
314 2025 497 2126 dignitati
520 2025 691 2101 debitam
710 2025 899 2120 conciliat,
917 2027 986 2102 sed
1010 2024 1190 2124 ipsismet
1212 2025 1402 2126 perpetuo

165 2150 290 2218 status
307 2143 553 2218 sanctitatem
570 2140 611 2217 in
630 2149 801 2218 mentem
819 2148 975 2218 revocat
996 2147 1037 2217 et
1059 2167 1083 2217 a
1103 2142 1285 2241 plurimis
1301 2168 1403 2243 quae

165 2259 297 2335 minus
314 2258 496 2334 clericum
515 2260 662 2352 decent,
680 2265 785 2334 arcet
803 2264 844 2334 et
862 2264 1007 2334 avocat
1059 2256 1254 2335 Volumus
1270 2258 1403 2360 itaque

164 2383 203 2450 et
225 2374 498 2475 praecipimus,
517 2380 563 2450 ut
584 2400 719 2450 omnes
736 2374 932 2450 Ecclesiae
948 2374 1075 2473 legem
1092 2383 1260 2469 servent,
1277 2375 1400 2451 domi·

165 2517 239 2591 que
274 2497 433 2589 agentes
466 2492 529 2567 vel
564 2490 606 2567 in
647 2490 796 2590 templo
831 2498 939 2566 veste
971 2488 1100 2582 talari,
1131 2516 1231 2590 qnae
1263 2491 1401 2568 elerico

165 2607 326 2708 propria
367 2614 437 2701 est,
472 2631 626 2706 semper
668 2614 838 2683 utantur.
920 2606 1020 2681 Cum
1060 2607 1165 2683 foras
1208 2609 1403 2707 prodeunt

165 2723 339 2800 muneris
356 2724 420 2799 vel
437 2723 560 2799 animi
576 2723 777 2798 recreandi
794 2747 912 2798 causa
929 2723 992 2798 vel
1008 2722 1050 2798 in
1068 2723 1218 2817 itinere,
1232 2722 1402 2802 breviori

165 2841 335 2940 quadam
352 2847 460 2915 veste
482 2838 594 2915 indui
619 2839 721 2932 licet,
739 2864 839 2938 quae
855 2844 988 2915 tamen
1005 2838 1110 2938 nigri
1126 2838 1267 2915 coloris
1288 2839 1342 2916 sit
1363 2847 1403 2917 et

165 2957 216 3032 ad
243 2981 372 3055 genua
401 2957 649 3055 producatur,
675 2955 732 3030 ita
762 2961 807 3031 ut
836 2981 860 3031 a
888 2955 998 3031 laicis
1023 2955 1213 3055 distingui
1238 2956 1401 3056 possint.

166 3071 436 3171 Elegantiores
452 3071 622 3148 vestium
638 3073 784 3148 formas
804 3078 845 3147 et
867 3074 1086 3147 mundanas
1103 3097 1202 3170 quae
1219 3096 1343 3148 novae
1359 3071 1402 3150 in

165 3189 249 3266 dies
273 3187 529 3264 inveniuntur
553 3194 751 3287 respuant.
803 3188 934 3288 (Cone.
960 3188 1072 3264 Plen.
1100 3188 1204 3265 Balt.
1231 3189 1299 3282 11,
1327 3189 1401 3266 No.

166 3307 266 3405 148.)
319 3305 461 3381 Stricta
478 3313 683 3404 praecepto
699 3304 963 3381 sacerdotibus
979 3304 1125 3380 nostris
1146 3303 1401 3404 injungimus,

165 3429 210 3500 ut
230 3429 315 3499 tam
332 3421 439 3498 domi
462 3446 580 3521 quam
597 3420 704 3515 foris,
721 3421 806 3497 sive
827 3419 870 3496 in
893 3420 1055 3520 propria
1070 3421 1235 3497 dioecesi
1258 3423 1404 3522 degant

165 3537 248 3616 sive
273 3545 383 3615 extra
407 3562 506 3631 eam,
531 3537 674 3613 collare
698 3539 804 3638 quod
828 3562 1035 3613 romanum
1059 3546 1221 3614 vocatur
1252 3545 1402 3638 gerant.

166 3653 220 3732 Et
243 3653 338 3756 quia
360 3653 462 3730 ratio
492 3653 589 3752 legis
618 3653 897 3730 ecclesiasticae
925 3656 975 3730 de
995 3645 1146 3730 'vestitu
1173 3655 1402 3731 clericorum

166 3796 243 3848 non
262 3771 394 3848 minus
411 3771 517 3846 valet
533 3772 582 3846 de
598 3770 843 3868 regularibus
859 3796 978 3869 quam
995 3771 1267 3864 saecularibus,
1279 3796 1401 3847 sacer·

167 3890 276 3964 dotes
300 3912 452 3988 quoque
475 3886 675 3982 regulares
699 3892 883 3962 tenentur
902 3886 989 3985 lege
1014 3887 1150 3962 utendi
1175 3888 1239 3963 vel
1265 3887 1402 3964 collari

166 4029 329 4080 romano
353 4004 417 4079 vel
441 4001 588 4078 vestitu
612 4001 752 4078 idoneo
775 4004 826 4078 ad
851 4001 1172 4101 distinguendum
1194 4003 1353 4079 clericos
1378 4029 1403 4080 a

167 4121 286 4215 laicis,
305 4119 620 4221 quotiescumque
643 4118 812 4221 seposito
832 4118 971 4194 habitu
993 4118 1054 4193 sui
1078 4119 1226 4194 ordinis
1243 4119 1402 4218 proprio

165 4237 271 4314 foras
287 4238 492 4338 prodeunt.

217 4353 278 4432 78.
331 4351 584 4429 “Sacerdotis
617 4353 757 4428 domus
789 4351 846 4427 ita
879 4358 1103 4451 comparata
1136 4351 1197 4446 sit,
1231 4358 1275 4428 ut
1307 4353 1398 4428 luxu

167 4470 367 4547 mundano
395 4470 635 4568 profanoque
668 4475 810 4543 ornatu
842 4468 1013 4560 remotis,
1039 4467 1171 4542 omnia
1204 4468 1400 4567 pietatem,

168 4585 359 4680 ordinem,
384 4584 679 4684 simplicemque
708 4583 941 4660 munditiem
967 4583 1128 4683 spirent,
1153 4591 1194 4660 et
1223 4583 1400 4659 Crucifixi
