3142 5242
453 465 509 512 nn
538 465 689 513 causrs
717 467 1013 516 cnsarcoauu.
1284 451 1347 514 287

200 719 443 795 Irrsrsucrro
469 719 508 794 S.
535 717 895 795 &nonsummum
919 741 974 794 na
999 718 1126 797 Paos.
1152 718 1259 794 Fma

412 855 531 911 crasa
558 835 714 911 Causas
744 834 1047 911 cronicorum*

429 1087 433 1095 ἱ
552 1003 625 1089 [Ad
640 1026 677 1089 p.
697 1006 771 1085 176,
790 1026 816 1068 c.
838 1003 910 1090 111.]

155 1156 241 1224 Cum
259 1180 453 1246 magnopere
472 1157 570 1223 huius
584 1156 618 1224 S.
634 1156 773 1222 Consilii
787 1157 915 1223 intersit
936 1158 971 1222 in
992 1157 1207 1224 ecclesiasticis
1221 1158 1347 1224 indiciis

109 1283 180 1328 eam
200 1261 388 1327 methodum
406 1261 539 1345 servari,
553 1283 636 1349 quae
656 1270 689 1327 et
708 1269 890 1349 temporum
907 1260 1153 1326 circumstantiis
1169 1272 1348 1350 opportune

109 1364 308 1452 respondeat,
323 1372 356 1430 et
368 1364 509 1452 regulari
525 1364 666 1430 iustitiae
678 1363 961 1449 administrationi,
974 1387 1033 1429 nec
1045 1387 1112 1430 non
1126 1365 1347 1433 Praelatorum

109 1469 291 1535 auctoritati
303 1468 451 1553 tuendae,
464 1468 666 1556 querelisque
684 1491 812 1535 reorum
831 1467 1058 1556 praecavendis
1077 1491 1135 1555 par
1148 1470 1282 1535 omnino
1293 1469 1347 1553 sit,

109 1572 232 1660 placuit
245 1573 362 1638 iterum
375 1571 417 1639 ad
432 1595 565 1637 examen
578 1572 721 1637 revocari
735 1595 772 1637 ea
785 1572 894 1638 omnia
907 1566 990 1661 quae
1003 1572 1039 1637 in
1056 1571 1116 1637 hac
1129 1594 1238 1660 repro
1251 1573 1347 1639 ecclc-

109 1676 166 1742 siis
184 1676 419 1743 foederatorum
438 1676 606 1742 Americae
623 1674 889 1761 septentrionalis
907 1675 1058 1742 Statuam
1077 1675 1112 1741 in
1132 1676 1348 1743 Instructione

109 1780 173 1846 diei
188 1783 232 1848 20
243 1780 324 1845 Iulii
337 1781 415 1846 anni
428 1783 513 1847 1878
524 1803 583 1846 nec
595 1802 661 1845 non
676 1780 713 1845 in
726 1780 930 1866 responsione
943 1778 986 1845 ad
995 1778 1096 1845 dubia
1108 1780 1192 1846 circa
1204 1780 1346 1846 eamdem

108 1884 266 1972 posterius
279 1885 443 1972 proposita
455 1882 709 1950 continebantur.
753 1882 870 1970 Itaque
883 1882 917 1949 S.
930 1883 968 1949 Ο.
979 1883 1129 1950 omuibus
1142 1893 1268 1950 mature
1276 1907 1347 1971 per-

108 1988 227 2076 pensis,
247 1987 360 2055 SSmo.
382 1987 427 2054 D.
450 1987 495 2054 N.
518 1987 626 2054 Leone
648 1986 718 2055 ΡΡ.
741 1986 853 2053 ΧΙΙΙ.
871 1987 1078 2074 approbante,
1100 1986 1177 2053 haec
1197 2010 1279 2075 quae
1299 2010 1347 2053 se-

109 2101 255 2180 quuntur
273 2092 472 2159 observanda
491 2090 645 2175 decrevit,
658 2090 859 2178 praecedenti
878 2090 1096 2157 Instructione
1115 2113 1153 2156 ac
1173 2092 1348 2157 successiva

108 2195 320 2277 declaratione
331 2196 494 2285 abrogata,
509 2195 550 2260 iis
563 2194 703 2281 exceptis
716 2182 847 2283 quaein
861 2193 922 2261 hac
934 2194 1146 2263 continentur.

153 2319 179 2367 1.
212 2299 406 2367 Ordiuarius
426 2323 487 2387 pro
507 2322 566 2365 suo
586 2298 740 2386 pastorali
758 2321 890 2364 munere
909 2307 1036 2364 tenetur
1054 2297 1259 2387 disciplinam
1277 2324 1348 2368 cor-

108 2405 348 2492 reptionemque
360 2404 547 2469 clericorum
568 2403 615 2468 ita
635 2402 807 2491 diligenter
824 2425 945 2487 curare,
960 2410 998 2467 ut
1017 2402 1101 2468 circa
1118 2425 1230 2469 eorum
1244 2427 1347 2471 mores

108 2509 234 2574 assidue
246 2507 371 2595 vigilet,
385 2531 423 2574 aa
436 2507 577 2574 remedia
594 2531 615 2573 a
635 2506 810 2573 canonibus
825 2514 944 2572 statuta
957 2507 1027 2573 sive
1040 2505 1265 2594 praecavendis
1278 2509 1348 2574 sive

108 2611 260 2679 tollendis
272 2611 427 2678 abusibus
440 2614 476 2676 in
489 2611 611 2677 clerum
624 2609 798 2697 aliquando
811 2609 1024 2697 irrepentibus
1037 2610 1173 2697 provide
1185 2611 1345 2679 adhibeat.

151 2736 192 2784 11.
223 2716 316 2781 Haec
329 2738 407 2783 vero
421 2715 561 2781 remedia
580 2713 646 2780 alia
660 2715 860 2801 prnmcalivo
875 2722 963 2799 sunt,
977 2714 1043 2778 alia
1055 2715 1234 2801 repressisti.
1279 2715 1347 2782 Illa

108 2819 238 2909 quidem
263 2818 305 2885 ad
330 2818 563 2907 praepedienda
589 2817 686 2902 mala,
711 2817 934 2883 scandalorum
961 2817 1111 2883 stimulos
1139 2817 1345 2904 amovendos,

107 2923 306 2993 voluntarias
319 2923 495 2990 occasiones
515 2930 548 2987 ct
568 2944 676 2988 musas
694 2919 737 2987 ad
753 2919 1005 3008 delinquendum
1019 2920 1184 3008 proximas
1197 2922 1345 2990 vitandas

107 3028 307 3094 ordinantur.
350 3026 444 3092 Haec
456 3049 535 3093 vero
554 3048 630 3091 eum
651 3026 687 3090 in
708 3025 806 3090 finem
819 3024 992 3091 constituta
1004 3033 1090 3108 sunt,
1105 3034 1144 3090 nt
1156 3024 1345 3115 delinquen-

107 3141 155 3198 tes
174 3132 217 3197 ad
238 3131 358 3198 bonam
379 3130 506 3218 frugem
529 3137 726 3213 revocentur,
742 3151 779 3194 ac
799 3129 968 3216 culparum
989 3129 1181 3194 consectaria
1200 3151 1218 3195 e
1240 3131 1345 3197 medio

107 3235 273 3303 tollantur.

150 3358 204 3408 111.
235 3340 453 3406 Conscientiae
474 3337 641 3404 Ordiaarii
661 3338 835 3403 remittitur
849 3338 1003 3425 cuiusque
1016 3337 1148 3403 remedii
1162 3338 1342 3425 applicatio,

107 3444 265 3511 canonicis
279 3443 581 3532 praescriptionibus
594 3442 729 3508 servatis
749 3464 809 3527 pro
831 3465 962 3507 msuum
978 3465 1016 3505 ac
1032 3442 1343 3508 circumstantiarum

107 3551 274 3637 gravitate.

149 3670 201 3720 Ν.
232 3651 446 3719 Praeventiva
459 3649 599 3715 remedia
612 3658 689 3715 sunt
702 3649 869 3735 praecipue
880 3649 1059 3735 spiritualia
1069 3649 1228 3732 exercitia,
1240 3651 1343 3718 moni-

106 3755 219 3841 tiones,
234 3765 409 3845 praecepta.

150 3879 187 3928 v.
217 3861 402 3948 Antequam
415 3882 493 3926 vero
514 3882 551 3925 ea
571 3857 791 3940 adhibeantur,
806 3858 981 3923 summaria
998 3857 1155 3925 factorum
1170 3857 1343 3946 recognitio

106 3965 273 4052 praecedat
286 3973 430 4052 oportetz
450 3964 542 4028 cuius
555 3963 703 4028 notitiam
717 3959 912 4026 Ordinarius
925 3962 1046 4027 servari
1059 3971 1149 4028 curet
1161 3971 1209 4045 nt,
1220 3962 1249 4026 si
1263 3984 1343 4048 opus

107 4069 159 4151 sit,
170 4067 212 4134 ad
226 4068 378 4134 ulteriora
390 4066 559 4155 prooedcre
571 4065 681 4153 possit,
692 4073 726 4130 et
739 4073 777 4129 ut
789 4065 971 4131 auctoritati
985 4065 1208 4131 ecclesiasticae
1220 4066 1343 4152 superi·

107 4173 172 4240 oris
185 4173 304 4261 gradus
317 4172 353 4237 in
367 4194 442 4237 casu
456 4170 593 4259 legitimi
606 4190 751 4234 recursus
765 4167 865 4233 totius
879 4169 925 4234 rei
939 4169 1096 4234 rationem
1109 4167 1230 4236 reddat.

151 4294 202 4344 vr.
225 4275 403 4343 Canonicae
417 4273 607 4340 monitiones
616 4271 671 4339 vel
684 4279 803 4337 secreto
816 4271 899 4337 fiunt
914 4271 1024 4359 (etiam
1038 4295 1097 4360 per
1108 4272 1276 4358 epistolam
1289 4272 1343 4340 vel

107 4402 166 4468 per
193 4379 414 4467 interpositam
438 4373 619 4465 personam)
647 4374 690 4442 sd
714 4375 848 4441 modum
876 4384 1026 4462 paternae
1049 4376 1267 4463 correptionis,
1290 4377 1344 4444 vel

140 4534 158 4566 ὓ
165 4533 208 4585 Ea
218 4533 303 4585 mnae
310 4534 413 4601 plcans.-
430 4531 472 4583 De
483 4529 561 4582 modo
574 4528 706 4581 servando
717 4527 746 4580 in
757 4527 942 4594 cognoscendis
952 4536 980 4581 et
991 4526 1151 4581 definiendis
1160 4529 1246 4582 caruis
1256 4529 1345 4583 crimi-

107 4615 213 4668 nalibus
219 4623 246 4668 et
253 4614 468 4683 disciplinaribus
474 4613 637 4666 Clericorum
645 4613 674 4664 in
683 4611 837 4677 Foederatis
844 4611 962 4665 saubm
968 4613 1109 4666 American
1115 4613 1344 4682 Septentrionalis.
