3142 5242
162 430 224 493 112
282 444 466 491 TITULUS
491 444 667 491 VL-DE
695 440 971 489 Juvnnrunrs
1000 436 1331 487 INSTITUTIOXE.

210 602 294 675 210.
331 600 445 688 Quod
481 610 523 675 ut
560 625 678 698 quam
723 598 896 697 primum
939 595 1107 687 eveniat,
1143 598 1325 694 parentes
1353 587 1387 665 in

162 715 329 792 Domino
355 717 569 809 hortamur,
592 722 636 789 ut
660 716 923 790 adolescentes
949 736 1052 805 suos,
1078 710 1237 811 quibus,
1261 704 1389 783 scholis

159 832 431 931 parochalibus
474 832 674 926 absolutis,
713 831 955 931 superiorem
997 827 1271 905 educationem
1312 846 1389 924 pro·

160 974 294 1025 curare
311 949 445 1041 velint,
463 949 504 1024 in
523 948 742 1024 Catholicas
768 948 921 1024 scholas
944 945 1167 1045 superiores
1185 944 1275 1043 jam
1301 962 1393 1016 nunc

161 1066 366 1141 existentes
392 1066 561 1142 mittant.
613 1064 655 1139 Si
672 1090 765 1140 vero
789 1064 944 1139 scholae
970 1060 1196 1138 Catholicae
1212 1060 1306 1135 filiis
1322 1056 1393 1134 suis

161 1206 232 1280 pro
266 1181 422 1280 speciali
457 1178 573 1281 quem
608 1189 825 1280 sequuntur
867 1179 1088 1255 studiorum
1122 1202 1244 1253 cursu
1276 1174 1395 1253 desint

161 1322 301 1396 eosque
330 1298 380 1372 ob
410 1298 509 1372 hanc
538 1323 695 1373 causam
726 1297 767 1372 in
798 1297 951 1372 scholas
982 1293 1219 1372 acatholicos
1250 1292 1395 1368 mittem

162 1420 359 1511 cogantur,
386 1414 496 1489 enixe
521 1439 586 1489 eos
611 1439 827 1506 monemus,
856 1419 901 1489 ut
925 1412 1016 1488 fidei
1042 1434 1280 1510 morumque
1303 1404 1395 1509 peri·

162 1530 249 1604 cula
290 1556 314 1605 a
355 1530 446 1604 filiis
489 1530 570 1605 suis
604 1556 722 1629 quam
756 1530 986 1629 longissime
1019 1534 1262 1617 removeant,
1296 1519 1397 1601 verbi

164 1644 323 1721 Domini
358 1672 511 1744 semper
544 1672 756 1722 memores:
794 1646 934 1736 “Quid
967 1646 1131 1745 prodest
1172 1636 1397 1737 homini,si

164 1764 354 1837 mundum
382 1763 606 1838 universum
639 1762 820 1855 lucretur,
849 1763 1004 1837 animae
1029 1785 1123 1836 vero
1159 1784 1255 1835 suae
1289 1754 1397 1835 detri-

164 1886 339 1953 mentum
357 1878 565 1978 patiatur.”
597 1879 756 1976 (Matth.
775 1901 863 1955 xvn
882 1880 964 1977 26).

214 1997 299 2070 211.
335 1996 414 2070 Eos
438 2020 530 2070 vero
556 2021 604 2071 ex
629 1996 809 2071 fidelibus
840 1994 997 2088 nostris,
1023 1994 1090 2093 qui
1125 1993 1240 2093 copia
1274 2014 1399 2067 rerum

163 2112 437 2211 temporalium
471 2112 585 2187 ditati
615 2120 718 2205 sunt,
736 2137 808 2211 per
830 2111 981 2187 viscera
1010 2108 1304 2186 misericordiae
1333 2104 1400 2183 Dei

163 2253 345 2327 rogamus
363 2253 407 2302 ac
424 2254 496 2326 pro
514 2228 703 2303 Catholici
722 2228 893 2304 nominis
914 2228 1063 2303 honore
1082 2226 1346 2319 obsecramus,
1361 2232 1401 2299 ut

165 2346 215 2419 ad
248 2344 410 2442 collegia
444 2344 643 2419 Catholica
675 2346 878 2420 fundanda
912 2344 1168 2443 augendaque
1202 2343 1401 2417 thesauros

165 2485 255 2535 suos
289 2460 477 2559 aperiant,
506 2461 579 2535 hoc
611 2461 862 2559 potissimum
897 2462 985 2553 fine,
1016 2466 1061 2536 ut
1094 2458 1401 2535 adolescentibus

165 2576 470 2676 pauperioribus,
499 2576 566 2675 qui
600 2577 769 2675 ingenio,
797 2576 930 2653 indole
964 2576 1218 2674 moribusque
1251 2576 1401 2650 futurae

67 2702 72 2713 '
166 2692 362 2785 bonitatis,
384 2693 576 2787 utilitatis,
603 2694 683 2767 imo
709 2694 809 2769 forte
835 2692 1085 2769 excellentiae
1110 2691 1240 2767 solida
1264 2688 1403 2766 indicia

166 2834 261 2907 prae
286 2835 327 2883 se
352 2810 492 2898 ferunt,
519 2809 606 2884 viae
632 2810 838 2909 aditusque
869 2811 1067 2908 patefiant.
1119 2808 1284 2882 Summo
1318 2828 1403 2882 cum

166 2926 307 3024 gaudio
338 2926 422 3023 jam
456 2932 699 3023 compertum
734 2926 923 3001 habemus
953 2925 996 3000 in
1027 2923 1230 2999 nonnullis
1262 2923 1403 2999 dicece-

167 3042 273 3116 sibus
304 3041 408 3116 viros
443 3042 659 3116 Catholicos
695 3042 855 3135 nobileS,
888 3065 1095 3140 generosos
1126 3040 1199 3114 hcc
1233 3037 1404 3115 caritatis

168 3183 259 3233 vere
285 3158 504 3234 Catholicae
533 3184 648 3256 opere
674 3159 872 3233 studiosae
893 3158 1116 3256 juventutis
1141 3157 1303 3255 gratias,
1326 3180 1403 3231 cm·

171 3275 279 3349 nium
313 3276 500 3349 bonorum
546 3275 740 3373 plausum,
777 3274 930 3349 Summi
973 3274 1173 3348 Pontificis
1216 3272 1403 3372 approba·

169 3392 326 3484 tionem,
346 3418 510 3466 necnon
538 3392 611 3467 Dei
630 3392 674 3467 Ο.
694 3392 751 3466 Μ.
769 3391 1076 3466 benedictionem
1104 3389 1178 3465 sibi
1206 3389 1403 3464 meruisse.

170 3509 332 3585 Utinam
369 3509 408 3583 in
445 3509 623 3584 omnibus
668 3508 905 3584 dioecesibus
941 3505 1016 3581 riri
1051 3505 1213 3582 ditiores
1249 3503 1404 3581 nobilis·

171 3626 313 3701 simum
340 3652 473 3701 eorum
500 3626 723 3724 exemplum
758 3625 973 3717 imitentur,
1000 3633 1040 3698 et
1072 3623 1129 3697 ita
1162 3623 1337 3722 quidem,
1363 3628 1406 3696 ut

170 3743 210 3817 in
241 3744 370 3817 futuro
402 3742 659 3818 necessarium
691 3768 768 3817 non
800 3741 862 3833 sit,
889 3743 994 3839 quod
1022 3740 1062 3814 in
1090 3739 1304 3839 praeterito
1331 3762 1405 3812 non

171 3861 254 3935 sine
271 3862 410 3935 rubore
427 3859 509 3934 fieri
529 3860 703 3951 debebat,
718 3858 865 3932 scilicet
878 3857 982 3931 viros
1000 3855 1220 3930 Catholicos
1238 3878 1405 3943 monere,

171 3986 215 4052 ut
248 3979 296 4052 ab
333 3976 381 4051 iis
416 3977 481 4076 qui
516 3975 610 4051 foris
645 3983 747 4067 sunt,
774 3973 837 4049 vel
872 3974 990 4049 etiam
1023 3973 1072 4047 ab
1106 3970 1203 4070 ipsis
1239 3970 1406 4047 inimicis

171 4094 364 4169 Ecclesiae
383 4100 512 4193 partes
530 4119 620 4167 suas
638 4093 710 4167 hac
727 4092 768 4166 in
786 4117 829 4166 re
847 4091 1009 4165 discant.

221 4214 306 4287 212.
342 4211 608 4286 Moderatores
635 4209 801 4308 denique
828 4215 867 4282 et
892 4208 1128 4305 professores
1154 4204 1406 4305 collegiorum

173 4338 393 4404 nostrorum
420 4327 642 4427 gravissimi
662 4352 705 4401 ac
723 4323 958 4400 sanctissimi
983 4322 1157 4397 muneris
1175 4321 1236 4397 sui
1253 4342 1405 4419 semper

172 4471 361 4521 memores
391 4471 474 4520 esse
503 4445 545 4519 in
577 4444 746 4518 Domino
776 4443 990 4516 hortamur.
1044 4438 1147 4537 Ipsis
1173 4438 1281 4513 enim
1307 4460 1405 4512 com·

172 4562 280 4637 missi
300 4571 391 4637 sunt
407 4562 447 4656 ii,
466 4562 531 4660 qui
559 4560 752 4635 Ecclesiae
770 4566 809 4633 et
826 4556 1062 4655 reipublicae
1078 4555 1168 4653 plus
1186 4554 1325 4628 ceteris
1342 4556 1406 4626 aut
