3142 5242
325 432 431 480 MODI
461 435 694 484 PROHIBITI
724 438 941 485 PECUNIAS
970 440 1256 488 OOLLIGENDI.
1347 427 1410 490 169

176 586 236 661 Ex
253 586 340 664 istis
352 589 467 666 -enirn
492 619 569 667 non
594 593 719 692 pauci,
738 621 814 670 non
839 594 963 694 petita
981 594 1096 670 venia
1113 594 1408 673 Ordinariorum

175 710 242 779 aut
266 714 470 800 rectorum,
486 709 566 784 imo
591 719 843 811 utrorumque
869 736 947 786 non
970 736 1059 786 raro
1083 720 1215 810 spreta
1237 715 1407 811 prohibi·

174 819 290 913 tione,
308 849 396 898 eum
415 834 632 901 nostratum
658 828 841 902 scandalo
867 835 907 903 et
930 853 1134 903 causarum
1153 828 1227 903 loci
1253 829 1407 928 piarum

173 939 418 1035 detriment0,
436 944 485 1017 de
511 945 625 1018 domo
651 942 693 1018 in
720 944 879 1019 domum
906 952 1120 1038 transeunt,
1145 952 1214 1020 aut
1238 947 1406 1044 operari·

174 1080 286 1130 orum
303 1056 359 1132 ·in
388 1058 550 1134 officinis
579 1062 642 1136 vel
673 1063 724 1137 ad
754 1087 872 1160 opera
901 1061 1058 1161 publica
1086 1070 1406 1161 congregatorum

173 1197 354 1249 nummos
388 1179 569 1252 audacter
598 1179 853 1272 emendicant,
884 1177 952 1278 qui
985 1179 1215 1278 plerumque
1248 1179 1407 1277 templis

172 1289 336 1390 aliisque
356 1294 539 1368 aedificiis
563 1294 724 1370 minimo
748 1295 972 1370 necessariis
994 1295 1248 1371 destinantur.
1303 1294 1406 1370 Huic

171 1432 262 1507 ergo
293 1409 398 1483 malo
429 1411 583 1486 nullum
616 1412 726 1488 aliud
756 1412 973 1486 remedium
1009 1411 1122 1504 nacti,
1152 1412 1334 1487 volumus
1367 1418 1407 1487 et

171 1524 358 1600 edicimus
400 1533 446 1602 ut
487 1526 528 1601 in
562 1535 761 1627 posterum
805 1529 924 1603 nullis
959 1528 1025 1627 qui
1060 1530 1109 1602 ad
1144 1527 1405 1626 colligendum

170 1642 322 1717 venisse
348 1643 533 1738 sciuntur,
552 1645 667 1720 venia
689 1646 803 1721 detur
827 1671 851 1719 a
872 1645 1085 1720 rectoribus
1104 1645 1164 1718 vel
1193 1645 1306 1719 unica
1322 1645 1406 1740 vice

170 1758 391 1835 celebrandi
433 1760 594 1836 missam
640 1763 760 1862 (quod
806 1769 938 1837 tamen
982 1763 1030 1836 de
1072 1760 1317 1858 regularibus
1362 1760 1404 1836 in

128 1948 130 1953 ,
171 1877 416 1951 monasteriis
441 1878 591 1977 proprii
617 1878 764 1954 ordinis
789 1878 974 1978 privatim
992 1876 1275 1952 celebrantibus
1293 1876 1404 1952 intel·

169 1991 239 2089 ligi
275 1994 471 2085 nolumus)
510 1996 632 2071 donec
665 1997 715 2071 ab
749 1994 956 2071 Ordinario
995 1994 1080 2092 ipso
1115 1993 1404 2086 hancveniam

170 2110 409 2206 acceperint3
445 2119 564 2210 utque
594 2112 713 2186 nullis
743 2110 969 2209 hujusmodi
1000 2109 1268 2209 quaestoribus
1298 2109 1403 2184 colli·

168 2225 285 2322 gandi
319 2229 551 2303 concedatur
583 2228 751 2319 licentia,
787 2227 863 2302 nisi
905 2252 1039 2302 eorum
1076 2225 1307 2302 Ordinarius
1341 2226 1403 2300 vel

170 2340 328 2416 Ordinis
358 2343 580 2419 Praefectus
610 2344 687 2442 ipsi
722 2369 795 2444 per
822 2344 975 2418 litteras
1005 2340 1184 2442 praevias
1215 2367 1301 2416 eam
1333 2367 1403 2441 pro

169 2457 307 2532 iisdem
334 2459 574 2535 obtinuerint
599 2461 648 2535 ab
674 2459 879 2559 Episcopis
904 2459 946 2533 in
973 2484 1138 2558 quorum
1165 2457 1403 2532 dioecesibus

168 2573 433 2674 eleemosynas
454 2601 592 2675 rogare
616 2578 850 2652 desiderant.
903 2576 1111 2650 Praeterea
1132 2573 1316 2650 continuo
1340 2599 1401 2648 ex·

166 2699 349 2788 poscatur
373 2693 422 2766 ab
448 2719 582 2768 eorum
601 2694 795 2793 Episcopo
812 2693 875 2767 vel
904 2691 1113 2789 Superiori,
1132 2697 1178 2766 ut
1202 2715 1267 2765 eos
1293 2714 1401 2765 revo-

166 2814 274 2900 cent;
312 2808 379 2906 qui
405 2809 438 2884 si
463 2809 505 2884 id
530 2811 655 2885 facere
680 2810 880 2884 noluerint
905 2809 966 2886 vel
1002 2806 1254 2906 neglexerint,
1281 2808 1333 2881 ad
1363 2807 1399 2880 S.

167 2922 514 3022 Congregationem
539 2929 587 3001 de
611 2927 727 3024 Prop.
749 2926 846 3000 Fide
872 2926 956 3000 sine
981 2949 1091 2998 mora
1116 2924 1259 2997 abusus
1285 2923 1400 3023 corri-

166 3042 317 3136 gendus
341 3042 546 3118 deferatur.

218 3158 303 3230 296.
331 3158 571 3259 Magnopere
594 3185 687 3236 sane
704 3162 915 3237 dolendum
940 3168 1009 3251 est,
1028 3160 1224 3233 decretum
1243 3182 1267 3231 a
1285 3156 1400 3230 Prae·

166 3272 429 3349 decessoribus
451 3275 593 3350 nostris
616 3276 658 3351 in
682 3277 821 3352 ultimo
848 3275 1019 3348 Concilio
1042 3272 1225 3348 Plenario
1249 3272 1399 3370 sapien·

165 3388 316 3463 tissime
350 3390 473 3489 latpm
508 3391 857 3485 Nomentanis
892 3390 933 3465 in
967 3390 1118 3465 casibus
1152 3390 1399 3463 observatum
1484 3447 1487 3451 «

164 3504 281 3603 plane
309 3531 386 3581 non
414 3508 544 3584 fuisse.
597 3507 702 3582 Hinc
729 3508 870 3582 iterum
902 3508 1120 3603 iterumque
1146 3505 1399 3592 declaramus,

166 3627 282 3696 “esse
312 3624 476 3698 abusum
507 3650 585 3699 non
619 3626 865 3699 tolerandum
899 3631 940 3698 et
969 3621 1026 3696 rei
1056 3646 1186 3696 sacrae
1221 3622 1397 3720 profana·

164 3736 348 3831 tionem,”
365 3743 470 3839 quod
487 3741 569 3816 sive
594 3741 637 3815 in
662 3740 976 3839 ephemeridibus
1003 3738 1085 3812 sive
1107 3737 1148 3811 in
1166 3737 1270 3811 foliis
1287 3763 1396 3836 ancy·

163 3853 269 3929 clicis
321 3857 533 3955 (Circeium)
584 3857 739 3957 publice
785 3857 996 3931 offerantur
1045 3854 1186 3928 missae
1233 3877 1303 3951 pro
1351 3852 1398 3926 iis

164 3970 345 4046 omnibus
379 3973 574 4066 dicendae,
610 3972 676 4073 qui
712 3976 763 4049 ad
796 3972 1053 4049 aedificandas
1087 3969 1275 4056 ecclesias,
1312 3993 1399 4042 con·

164 4096 304 4162 ventus
321 4089 495 4189 aliasque
511 4090 735 4188 hujusmodi
757 4092 882 4182 aedes,
902 4096 971 4163 aut
988 4089 1038 4162 ad
1055 4086 1242 4160 solvenda
1259 4085 1399 4158 harum

164 4201 456 4281 institutionum
489 4206 632 4299 debita,
663 4213 733 4282 aut
765 4207 816 4281 ad
846 4208 1114 4304 quodcumque
1148 4202 1255 4276 aliud
1290 4201 1399 4298 pium

164 4343 263 4417 opus
305 4321 569 4422 eleemosynas
611 4323 858 4398 contulerint.
928 4320 1046 4396 Hunc
1088 4319 1252 4394 abusum
1288 4317 1399 4390 vehe-

164 4444 317 4512 menter
340 4440 606 4538 reprobamus,
632 4448 671 4515 et
697 4438 970 4538 prohibemus;
1007 4436 1219 4535 Episcopos
1245 4458 1336 4508 vero
1363 4440 1402 4507 et

165 4551 367 4630 Praelatos
391 4555 504 4631 enixe
529 4558 776 4632 obsecramus
803 4562 846 4630 ut
872 4553 1113 4654 praedictum
1140 4552 1316 4643 abusum,
1335 4550 1402 4624 ubi

164 4669 281 4768 viget,
308 4671 395 4746 tolli
421 4679 461 4747 et
484 4673 525 4746 iu
553 4680 753 4771 posterum
781 4672 923 4769 ubique
948 4669 1170 4768 praecaveri
1196 4674 1340 4742 curent.
