3142 5242
559 460 613 507 nn
644 462 790 509 nrsnrs
820 462 1007 509 rancun.
1339 446 1397 509 121

165 616 454 709 miraculorum,
472 617 565 692 folia
583 617 815 711 orationum,
833 625 873 693 et
894 617 1110 716 generatim
1128 642 1263 692 omnes
1280 616 1401 692 libros

165 735 214 809 de
246 735 324 809 fide
354 740 394 809 et
423 733 598 809 moribus
628 759 675 808 ex
708 736 881 833 professo
910 741 1133 827 tractantes,
1164 732 1258 832 quin
1293 733 1401 832 prius
1449 796 1454 811 ,

165 874 348 925 censurae
374 850 527 925 debitae
552 848 714 948 subjecti
741 857 781 926 et
804 850 961 926 licentia
982 849 1180 927 Ordinarii
1206 874 1272 925 eos
1297 848 1403 949 typis

164 966 380 1041 mandandi
410 965 485 1041 rite
515 964 658 1042 muniti
691 967 849 1058 fuerim,
881 974 926 1042 ut
953 967 1115 1042 lectores
1149 965 1274 1043 sciant
1302 964 1402 1040 nihil

165 1080 207 1157 in
232 1081 289 1158 eis
315 1082 479 1181 reperiri
503 1084 607 1182 quod
631 1083 722 1158 fidei
746 1091 815 1159 aut
838 1083 1012 1159 moribus
1035 1088 1237 1181 repugnet.
1291 1083 1402 1157 Idem

165 1199 373 1274 statuimus
392 1201 441 1275 de
458 1199 570 1274 novis
586 1199 811 1304 hujusmodi
828 1200 1019 1275 librorum
1036 1199 1282 1275 editionibus,

215 1317 300 1391 221.
337 1316 559 1391 Doleudum
577 1341 671 1390 sane
687 1323 756 1409 est,
775 1317 880 1415 quod
897 1341 974 1391 non
993 1313 1106 1415 pauci
1124 1340 1172 1391 ex
1192 1313 1402 1391 Catholicis

165 1431 361 1507 Ecclesiae
385 1432 562 1531 regulam
588 1434 826 1532 modumque
852 1432 989 1508 orandi
1015 1434 1096 1507 fere
1121 1431 1278 1531 penitus
1294 1430 1402 1531 igno·

164 1556 263 1624 rent.
339 1548 426 1622 Hac
459 1574 550 1647 ergo
585 1555 711 1624 aetate
746 1555 889 1642 nostra,
921 1574 1042 1648 quum
1076 1547 1255 1623 homines
1288 1549 1404 1623 rebus

165 1664 375 1741 mundanis
401 1665 596 1740 inhiantes
617 1691 663 1740 ea
680 1691 779 1765 quae
796 1673 888 1741 sunt
906 1664 980 1740 Dei
998 1665 1152 1740 difficile
1169 1663 1403 1764 intelligant,

165 1782 428 1856 sacerdotibus
449 1807 686 1881 magnopere
706 1781 908 1876 incumbit,
928 1788 973 1856 ut
996 1782 1151 1880 saepius
1169 1808 1190 1856 e
1207 1787 1403 1880 suggestu,

165 1905 235 1973 aut
274 1897 546 1972 catechizando
591 1899 788 1997 parvulos,
823 1898 923 1973 ritus
957 1904 997 1973 et
1031 1923 1165 1997 preces
1208 1896 1405 1973 Ecclesiae

165 2013 332 2100 fideliter
358 2020 396 2088 et
422 2014 524 2089 clare
550 2021 756 2112 exponant.
810 2013 969 2090 Monuit
997 2014 1083 2112 jam
1109 2015 1147 2088 S.
1174 2013 1405 2090 Tridentino

165 2131 348 2228 synodus,
368 2137 413 2205 ut
428 2129 587 2229 parochi
605 2137 644 2205 et
661 2130 805 2229 singuli
825 2155 958 2205 curam
977 2130 1198 2206 animarum
1216 2131 1404 2205 habentes

164 2245 387 2347 frequenter
412 2272 460 2320 ex
484 2245 533 2321 iis
559 2272 657 2345 quae
683 2246 725 2320 in
751 2246 872 2322 missa
896 2247 1082 2346 leguntur
1107 2245 1256 2346 aliquid
1290 2271 1403 2345 expo-

166 2368 273 2452 nant,
291 2369 331 2437 et
355 2362 586 2460 praesertim
612 2362 847 2437 sanctissimi
872 2364 989 2461 hujus
1016 2362 1193 2437 sacrificii
1218 2361 1405 2462 mysteria

165 2478 363 2553 declarent
389 2485 432 2553 ut
456 2478 601 2572 fideleS,
619 2478 687 2578 qui
713 2486 753 2554 et
777 2478 854 2576 ipsi
881 2481 976 2554 dum
1003 2479 1139 2553 Novae
1157 2477 1273 2577 Legis
1289 2477 1403 2553 sacri·

165 2593 295 2669 ficium
322 2593 539 2669 ministerio
565 2597 810 2671 sacerdotum
837 2595 998 2670 offertur
1018 2595 1112 2693 ejus.
1127 2596 1226 2670 fiunt
1249 2592 1403 2694 partici-

165 2734 246 2809 pes,
273 2710 575 2786 abundantiores
600 2710 747 2810 gratias
773 2719 813 2787 et
836 2713 984 2787 fructus
1015 2710 1238 2809 spirituales
1266 2709 1406 2786 exinde

166 2825 393 2925 percipiant.
451 2827 565 2926 (Sess.
593 2828 914 2922 xx11.,desacr.
942 2827 1089 2902 Missae
1115 2852 1145 2903 c.
1170 2828 1222 2927 8.)
1277 2825 1405 2902 Simili

166 2945 293 3036 modo,
329 2950 374 3019 ut
414 2943 540 3019 fidelis
583 2945 752 3043 populus
786 2946 837 3020 ad
875 2944 1122 3042 suscipienda
1163 2950 1407 3019 sacramenta

166 3059 306 3157 majori
332 3085 420 3135 cum
446 3058 665 3135 reverentia
690 3067 806 3160 atque
840 3059 962 3136 animi
996 3059 1202 3136 devotione
1236 3060 1402 3152 accedat,

166 3175 365 3274 praecepit
394 3178 530 3251 eadem
564 3177 603 3251 S.
634 3176 813 3276 synodus
848 3176 1014 3276 singulis
1050 3177 1228 3275 parochis
1265 3184 1310 3251 ut
1342 3174 1406 3275 pie

167 3292 466 3391 prudenterque,
496 3293 614 3368 etiam
648 3293 785 3391 lingua
818 3293 1036 3386 vernacula,
1072 3300 1404 3367 sacramentorum

167 3407 261 3499 vim,
280 3433 393 3483 usum
419 3415 459 3483 et
482 3408 582 3484 ritus
605 3409 752 3508 populo
777 3415 986 3508 exponant.
1044 3409 1159 3507 (Sess.
1183 3430 1314 3501 xxm,
1332 3408 1404 3486 ci

167 3524 216 3598 de
234 3523 335 3623 Rei.)
391 3524 505 3615 Quod
522 3550 614 3600 vero
640 3525 854 3624 generatim
876 3525 1014 3600 orandi
1041 3550 1219 3599 normam
1245 3531 1404 3623 spectat,

167 3639 209 3713 in
234 3641 408 3715 confesso
438 3648 497 3716 est
529 3640 641 3716 illam
676 3641 871 3717 Breviarii
907 3640 1075 3716 Romani
1111 3640 1286 3715 omnium
1322 3665 1405 3716 esse

167 3756 499 3855 perfectissimam,
527 3765 661 3856 utpote
695 3759 798 3857 quod
832 3757 987 3856 eloquia
1021 3757 1167 3851 divina,
1194 3757 1405 3831 sententias

167 3880 325 3971 patrum
342 3880 383 3948 et
398 3873 547 3948 cantica
563 3898 673 3949 sacra
688 3873 730 3949 in
749 3898 868 3949 unam
895 3874 1070 3948 omnium
1088 3898 1132 3947 ac
1150 3871 1405 3947 multifariam

168 3988 383 4063 orationem
402 3989 562 4064 mirifice
579 3997 797 4089 componat.

218 4104 244 4179 J
246 4130 310 4179 am
327 4130 420 4180 vero
446 4132 559 4181 nemo
587 4131 665 4180 non
683 4106 791 4181 videt
807 4112 998 4205 quantum
1017 4107 1088 4180 hac
1105 4107 1147 4179 in
1163 4131 1206 4180 re
1224 4105 1406 4180 utilitatis

167 4220 347 4296 fidelibus
377 4222 572 4314 afferatur,
599 4221 633 4297 si
659 4211 887 4297 selectarum
915 4247 1074 4321 precum
1101 4227 1140 4296 et
1162 4220 1405 4295 rubricarum

167 4344 253 4412 tum
282 4337 456 4413 Missalis
481 4345 521 4413 et
546 4338 739 4412 Breviarii
766 4345 851 4413 tum
879 4338 1049 4413 Ritualis
1068 4337 1287 4412 versionem
1314 4338 1404 4412 fide·

169 4451 259 4528 liter
271 4462 470 4529 exaratam
487 4455 529 4529 in
546 4453 659 4529 libris
676 4453 902 4556 precatoriis
919 4480 1014 4554 prae
1030 4454 1212 4529 manibus
1226 4453 1404 4529 habeant.

170 4568 298 4645 Probe
322 4571 480 4669 quidem
508 4573 687 4645 novimus
714 4570 755 4644 in
781 4571 936 4668 paginis
972 4571 1087 4645 unius
1121 4569 1212 4644 libri
1248 4593 1405 4669 precum
