3142 5242
234 412 295 474 156
384 425 570 473 ‘irrosus
600 424 775 472 rx.-ns
804 423 930 470 nonus
960 423 1324 470 sccussrAsricis.

231 581 336 659 tione
362 580 549 682 pastorali
582 581 826 656 solummodo
857 581 1068 655 exercenda
1098 586 1167 655 est.
1233 578 1473 654 Mandemus

231 698 362 799 itaque
388 705 431 774 ut
455 697 619 797 quilibet
643 696 860 795 Episcopus
885 702 1105 771 nostrarum
1132 693 1425 795 provinciarum
1449 720 1474 771 a

231 816 444 891 rectoribus
469 813 711 906 missionum,
730 820 770 888 et
793 811 1054 888 saecularibus
1077 819 1117 887 et
1139 810 1385 910 regularibus
1407 813 1473 909 (ad

232 957 409 1006 normam
449 931 580 1005 Const.
621 930 803 1006 Romanos
841 927 1067 1028 Pontifices),
1103 927 1274 1003 locorum
1314 926 1471 1026 piorum

231 1046 464 1146 praepositis
488 1046 651 1145 aliisque
674 1045 731 1120 rei
755 1043 1033 1121 ecclesiasticae
1053 1044 1295 1119 curatoribus
1312 1044 1469 1142 plenam

232 1170 272 1238 et
296 1163 541 1262 perspicuam
568 1159 918 1237 administrationis
947 1160 1139 1236 rationem
1165 1158 1332 1259 singulis
1358 1159 1470 1235 annis

232 1279 405 1355 districte
422 1279 562 1379 exigat.
616 1278 729 1368 Quod
753 1303 851 1376 opus
874 1284 919 1353 ut
941 1279 1040 1353 bene
1056 1301 1318 1376 prospereque
1339 1301 1469 1375 proce·

232 1397 312 1490 dat,
330 1395 549 1495 Episcopus
574 1392 887 1470 commissionem
913 1392 1118 1468 instituere
1143 1399 1272 1492 potest
1294 1392 1469 1468 virorum

231 1511 275 1587 in
310 1511 475 1611 negotiis
513 1510 694 1610 gerendis
728 1535 772 1585 ac
805 1517 988 1608 computo
1022 1509 1257 1584 conficiendo
1292 1507 1470 1608 apprime

231 1637 490 1726 expertorum,
534 1627 644 1726 cujus
690 1626 743 1702 sit
789 1625 1012 1702 examinare
1055 1633 1094 1701 et
1137 1627 1304 1725 probare
1350 1625 1469 1701 libros

230 1751 436 1843 computus
466 1752 505 1820 et
533 1742 731 1818 rationum
765 1768 790 1818 a
823 1742 1036 1818 rectoribus
1070 1741 1235 1841 aliisque
1267 1743 1468 1819 confectos

231 1861 393 1936 Summa
425 1861 636 1953 rationum,
663 1859 705 1934 in
739 1885 818 1960 qua
846 1859 962 1958 plene
992 1864 1032 1933 ct
1060 1858 1242 1934 distincte
1272 1857 1470 1935 missionis

231 1977 499 2076 proprietates,
534 1976 694 2070 reditus,
729 1975 871 2069 debita,
907 1999 1043 2050 census
1077 1973 1197 2049 annui
1235 1982 1276 2050 et
1313 1976 1470 2051 foenora

231 2094 418 2168 solvenda
444 2099 578 2168 notata
607 2091 698 2185 sint,
725 2118 749 2168 a
782 2098 930 2167 rectore
959 2116 1003 2166 ao
1033 2091 1183 2166 duobus
1214 2091 1383 2167 aedituis
1409 2090 1469 2168 vel

231 2208 485 2302 auditoribus,
538 2234 634 2308 quos
686 2216 837 2302 vocant,
889 2208 1043 2306 signata
1094 2210 1143 2283 ad
1195 2207 1470 2284 cancellarium

232 2326 421 2418 mittatur,
452 2325 519 2424 qui
550 2351 636 2400 eam
667 2326 716 2399 ab
749 2325 941 2423 Episcopo
971 2324 1209 2422 recognitam
1240 2322 1281 2399 in
1313 2325 1471 2401 archivo

231 2442 456 2517 dioecesano
484 2448 658 2539 reponat.
721 2440 870 2516 Similis
895 2440 995 2516 ratio
1021 2439 1246 2533 summaria,
1274 2466 1353 2539 qua
1380 2440 1472 2517 mis·

231 2557 352 2632 sionis
386 2556 555 2631 conditio
591 2556 815 2656 pecuniaria
849 2557 951 2632 clare
985 2563 1128 2656 pateat,
1155 2554 1322 2655 singulis
1357 2558 1473 2633 annis

230 2674 336 2748 intra
370 2699 544 2747 mensem
579 2673 812 2748 Januarium
852 2698 876 2748 a
913 2681 1060 2747 rectore
1094 2670 1248 2770 publice
1282 2671 1326 2748 in
1361 2683 1474 2750 coetu

230 2789 403 2863 fidelium
432 2790 711 2888 promulgetur.

281 2907 365 2980 273.
403 2905 555 3002 Dignus
579 2913 638 2980 est
661 2906 863 3004 operarius
887 2908 1062 2980 mercede
1088 2931 1169 2980 sua.
1226 2907 1337 3002 (Luc.
1356 2930 1398 2982 x.
1418 2910 1470 3007 7.)

231 3021 256 3095 J
259 3021 392 3096 ustitia
415 3021 544 3119 itaque
568 3029 608 3096 et
631 3024 746 3096 decus
770 3022 976 3097 sacerdotii
999 3023 1200 3120 postulant
1221 3029 1265 3096 ut
1288 3026 1474 3100 omnibus

232 3138 425 3211 Ecclesiae
456 3137 645 3212 ministris
676 3140 813 3212 docens
840 3138 943 3212 vitae
969 3138 1198 3213 sustentatio
1224 3141 1473 3237 praebeatur.

231 3254 292 3328 Ne
316 3261 449 3327 tamen
476 3261 601 3327 rectus
631 3254 808 3351 justitiae
834 3256 928 3330 ordo
959 3255 1147 3346 turbetur,
1175 3280 1244 3329 nec
1275 3255 1473 3352 integram

231 3370 398 3467 suspicio
434 3369 531 3444 lucri
563 3370 716 3445 minuat
744 3372 901 3463 famam,
929 3371 1173 3446 decernimus
1204 3380 1248 3446 ut
1283 3373 1473 3473 Episcopi

230 3511 300 3580 pro
328 3485 492 3583 singulis
519 3486 599 3560 suis
626 3487 863 3561 dioecesibus
889 3487 929 3561 in
956 3489 1116 3587 synodo,
1135 3488 1196 3562 vel
1221 3496 1332 3563 extra
1356 3516 1473 3589 syuo-

230 3604 324 3676 dum
355 3627 376 3676 e
406 3604 669 3676 consultorum
699 3603 871 3697 consilio,
897 3606 1014 3678 fixam
1045 3612 1247 3702 ratamque
1280 3607 1475 3683 deliniant

230 3743 424 3793 summam
456 3744 554 3816 quae
584 3720 633 3792 ab
664 3719 911 3794 ecclesiarum
937 3719 1150 3794 rectoribus
1180 3745 1377 3819 congruae
1403 3749 1474 3799 seu

230 3833 361 3908 salarii
393 3834 549 3908 nomine
579 3834 726 3932 percipi
761 3835 895 3934 possit.
965 3834 1112 3910 Minori
1146 3843 1279 3911 tamen
1314 3862 1473 3916 summa

229 3950 398 4024 contenti
426 3950 506 4023 sint
531 3958 685 4047 oportet
710 3954 926 4026 sacerdotes
952 3976 1044 4027 casu
1067 3978 1142 4051 quo
1169 3978 1305 4027 eorum
1332 3955 1472 4032 missio

149 4163 152 4170 Ι
229 4066 291 4139 vel
328 4064 529 4139 missiones
563 4091 633 4164 per
664 4068 812 4141 reditus
847 4092 937 4141 suos
972 4093 1122 4142 annuos
1157 4076 1346 4143 statutam
1382 4096 1471 4145 con·

228 4207 367 4278 gruem
393 4181 644 4277 suppeditare
671 4192 874 4280 nequeant,
895 4183 1005 4281 cujus
1031 4183 1088 4257 rei
1108 4184 1231 4283 judex
1254 4185 1331 4258 erit
1356 4187 1470 4262 Ordi-

230 4296 372 4388 nerius‚
391 4297 524 4370 audito
549 4297 823 4373 Consultorum
849 4300 1021 4375 consilio.
1074 4300 1269 4375 Nolumus
1293 4302 1402 4377 enim
1426 4309 1472 4380 ut

229 4411 371 4485 salaria
389 4438 435 4486 ex
452 4412 564 4485 bonis
583 4414 763 4488 ecclesiae
783 4415 868 4512 jam
887 4416 1085 4513 acquisitis
1103 4416 1395 4515 percipiantur;
1430 4426 1471 4494 et

149 4627 152 4630 .
230 4527 444 4624 Episcopus
459 4527 520 4600 vel
540 4527 724 4602 dioecesis
739 4531 848 4603 nulla
861 4531 945 4628 lege
960 4539 1114 4605 tenetur
1126 4530 1259 4604 salarii
1272 4533 1468 4608 defectum
