3142 5242
478 485 532 531 nn
561 485 797 531 rnnnonunr
826 485 1099 533 SEMINARIIS.
1366 468 1404 531 71

171 637 339 738 ingenia,
367 640 511 715 virtute
537 648 576 715 et
600 640 731 715 indole
758 641 995 741 Episcopum
1022 641 1224 716 certiorem
1250 641 1404 716 faciant.

171 755 212 829 Si
230 781 335 850 vero,
352 755 622 855 utaliquando
640 757 842 856 contingit,
860 757 1033 856 religiosi
1056 765 1236 857 parentes
1259 756 1325 855 pio
1343 756 1406 832 vel

170 871 343 946 humano
360 873 492 947 forsan
510 871 617 948 ducti
642 872 789 948 motivo
815 873 1035 973 improvide
1060 875 1110 949 ad
1133 880 1279 948 statum
1296 871 1404 948 cleri·

169 988 292 1062 calem
319 1014 341 1063 e
365 988 458 1063 filiis
483 989 564 1064 suis
589 1014 713 1064 unum
739 997 808 1065 aut
832 990 1001 1065 alterum
1018 989 1192 1088 dirigant
1214 1014 1331 1089 quem
1355 989 1406 1064 ad

170 1104 428 1180 sacerdotium
457 1104 680 1204 promoveri
709 1106 884 1204 cupiunt,
911 1108 1104 1205 parochus
1135 1107 1184 1181 ab
1213 1104 1405 1204 ejusmodi

170 1221 368 1321 proposito
386 1222 539 1297 naviter
556 1247 621 1297 eos
638 1229 802 1315 avertat,
814 1222 848 1297 si
866 1224 1020 1298 nullum
1037 1248 1175 1298 verum
1193 1220 1406 1297 vocationis

169 1363 360 1437 supernae
389 1337 577 1414 indicium
606 1337 648 1413 in
680 1363 801 1437 puero
832 1340 1108 1438 deprehendat.
1165 1340 1257 1439 (Cir.
1290 1338 1404 1414 Oeno.

169 1453 286 1530 Prou
304 1455 503 1546 Albiense,
522 1482 556 1531 a.
575 1457 702 1553 1850.)
883 1522 885 1529 .

219 1572 303 1648 137.
347 1572 414 1647 Ad
440 1571 656 1647 Puerorum
682 1573 901 1649 Seminaria
926 1576 1030 1672 quod
1056 1573 1206 1667 attinet,
1233 1574 1271 1649 S.
1297 1572 1404 1650 Trid.

168 1689 347 1787 Synodus
381 1688 666 1764 consultissime
700 1688 890 1764 decrevit:
936 1689 1068 1764 “Cum
1102 1689 1404 1764 adolescentium

168 1811 286 1897 aetas»,
305 1804 380 1880 nisi
404 1803 506 1880 recte
523 1803 762 1897 instituatur,
780 1830 906 1904 prona
923 1805 976 1880 sit
998 1808 1047 1880 ad
1072 1805 1210 1880 mundi
1227 1805 1404 1903 volupta-

166 1927 226 1996 tes
256 1921 488 2019 sequondas;
524 1928 574 2014 et,
601 1921 677 1996 nisi
707 1947 731 1997 a
759 1920 904 1997 teneris
931 1921 1044 1996 annis
1074 1921 1125 1996 ad
1154 1921 1341 2020 pietatem
1366 1928 1406 1998 et

167 2036 396 2135 religionem
422 2035 654 2112 informetur
680 2045 889 2136 antequam
906 2037 1094 2112 vitiorum
1120 2037 1278 2112 habitus
1303 2044 1405 2113 totos

167 2152 344 2228 homines
361 2153 569 2252 possideat,
589 2178 789 2253 nunquam
807 2154 975 2253 perfecte
998 2179 1042 2229 ac
1064 2153 1149 2230 sine
1174 2154 1345 2229 maximo
1363 2179 1407 2230 ac

167 2268 358 2368 singulari
381 2272 664 2369 propemodum
690 2269 763 2345 Dei
787 2268 1065 2369 omnipotentis
1089 2270 1234 2346 auxilio
1259 2269 1301 2345 in
1329 2271 1405 2347 dis·

166 2384 312 2484 ciplina
336 2385 591 2461 ecclesiastica
616 2392 857 2485 perseveret:
897 2386 1039 2461 Sancta
1064 2387 1243 2486 Synodus
1269 2387 1407 2463 statuit

166 2509 211 2578 ut
227 2501 403 2600 singulae
416 2502 667 2596 cathedrales
682 2502 1017 2602 metropolitanae,
1031 2510 1146 2602 atque
1162 2502 1225 2578 his
1238 2504 1406 2601 majores

167 2618 358 2712 ccclesiae,
376 2643 447 2717 pro
472 2619 587 2693 modo
611 2618 852 2712 facultatum,
870 2624 911 2694 et
933 2618 1117 2694 dioecesis
1135 2618 1405 2717 amplitudine,

166 2742 314 2811 certum
340 2760 550 2834 puerorum
582 2734 706 2835 ipsius
730 2734 901 2811 civitatis
935 2741 976 2810 et
1005 2735 1202 2829 dioecesis,
1228 2736 1291 2811 vel
1322 2736 1405 2836 ejus

166 2851 400 2950 provinciae,
426 2850 459 2926 si
483 2851 538 2927 ibi
563 2877 640 2926 non
666 2849 923 2951 reperiantur,
942 2876 1149 2927 numerum
1175 2851 1217 2927 in
1243 2852 1404 2953 collegio

166 2970 217 3044 ad
240 2968 314 3044 hoc
336 2994 459 3068 prope
482 2968 590 3068 ipsas
607 2967 786 3045 ecclesias
804 2968 867 3043 vel
886 2968 962 3044 alio
985 2967 1028 3043 in
1052 2968 1135 3044 loco
1159 2968 1404 3046 convenienti

166 3086 217 3161 ab
233 3084 427 3184 Episcopo
452 3085 642 3185 eligend0,
661 3085 765 3160 alere
782 3109 826 3160 ac
842 3083 1023 3184 religiose
1040 3085 1214 3178 educare,
1232 3092 1273 3160 et
1288 3086 1402 3162 eccle·

165 3201 331 3277 siasticis
360 3201 578 3301 disciplinis
607 3200 811 3277 instituere
840 3208 1058 3277 teneantur.
1127 3201 1177 3276 In
1207 3201 1279 3278 hoo
1310 3228 1402 3278 vero

148 3303 327 3418 'collegio
345 3317 594 3417 recipiantur,
612 3317 680 3417 qui
698 3320 748 3393 ad
766 3316 973 3392 minimum
993 3317 1196 3393 duodecim
1215 3343 1349 3412 annos,
1363 3327 1403 3395 et

166 3459 213 3511 ex
235 3434 411 3534 legitimo
437 3434 686 3509 matrimonio
713 3433 796 3509 uati
823 3433 923 3527 sint3
959 3458 1003 3508 ac
1025 3433 1153 3532 legere
1177 3441 1217 3509 et
1238 3435 1405 3511 scribere

165 3559 430 3650 competenter
458 3550 659 3644 noverint3
698 3558 738 3626 et
766 3575 933 3649 quorum
968 3549 1119 3625 indoles
1154 3557 1193 3625 et
1222 3551 1403 3627 voluntas

166 3691 276 3766 spem
293 3668 441 3761 afferat,
459 3693 525 3743 eos
542 3666 807 3742 ecclesiasticis
826 3665 1053 3741 ministeriis
1076 3674 1264 3765 perpetuo
1282 3666 1403 3742 inser·

165 3783 352 3859 vituros.''
408 3784 522 3882 (Sess.
540 3805 727 3876 XXI11.,c.
747 3783 796 3858 18
814 3784 862 3857 de
881 3782 982 3882 Rei.)
1521 3778 1523 3783 ’

216 3901 301 3977 138.
354 3900 467 3990 Quod
500 3899 800 3975 saluberrimum
836 3899 1034 3973 decretum
1070 3906 1115 3973 ut
1148 3898 1190 3973 in
1225 3901 1403 3975 effectum

165 4017 430 4110 deduceretur,
456 4014 609 4091 Summi
641 4015 847 4090 Pontifices
873 4014 1016 4090 iterum
1042 4014 1263 4115 iterumque
1289 4016 1402 4115 Epis·

164 4158 349 4233 coporum
367 4132 670 4208 sollicitudinem
693 4132 879 4230 gravibus
897 4131 1056 4206 monitis
1073 4139 1113 4206 et
1129 4131 1402 4206 cohortationi·

166 4249 238 4325 bus
254 4250 482 4325 excitarunt.
536 4249 585 4324 ln
609 4274 681 4324 sua
697 4249 748 4324 ad
764 4273 900 4323 omnes
918 4247 1177 4341 Patriarchas,
1196 4248 1402 4343 Primates,

165 4365 488 4465 Archiepiscopos
512 4373 553 4441 et
578 4364 792 4464 Episcopos
815 4364 973 4464 Eneycl.
994 4363 1058 4441 cit.
1087 4363 1182 4439 Pius
1204 4364 1278 4439 IX.
1301 4389 1329 4440 s.
1350 4390 1401 4440 m.

165 4482 318 4559 scribit:
346 4482 537 4583 “Pergite
561 4507 697 4558 omnes
719 4480 949 4581 episcopalis
966 4480 1087 4556 vestri
1111 4481 1185 4555 zeli
1202 4505 1342 4555 nervos
1359 4479 1401 4555 in

166 4596 206 4672 id
236 4598 484 4697 potissimum
513 4597 726 4691 intendere,
759 4604 803 4672 ut
834 4596 1095 4692 adolescentes
1124 4595 1253 4669 clerici
1284 4596 1348 4670 vel
1379 4621 1404 4671 a
