<?xml version="1.0" encoding="UTF-8"?>
<!DOCTYPE html PUBLIC "-//W3C//DTD XHTML 1.0 Transitional//EN"
    "http://www.w3.org/TR/xhtml1/DTD/xhtml1-transitional.dtd">
<html xmlns="http://www.w3.org/1999/xhtml" xml:lang="en" lang="en">
 <head>
  <title>
</title>
<meta http-equiv="Content-Type" content="text/html;charset=utf-8" />
  <meta name='ocr-system' content='tesseract 3.04.00' />
  <meta name='ocr-capabilities' content='ocr_page ocr_carea ocr_par ocr_line ocrx_word'/>
</head>
<body>
  <div class='ocr_page' id='page_1' title='image "./actaetdecretaco00gibbgoog_0191.png"; bbox 0 0 3142 5242; ppageno 0'>
   <div class='ocr_carea' id='block_1_1' title="bbox 168 418 1292 482">
    <p class='ocr_par' dir='ltr' id='par_1_1' title="bbox 168 418 1292 482">
     <span class='ocr_line' id='line_1_1' title="bbox 168 418 1292 482; baseline 0.001 -1"><span class='ocrx_word' id='word_1_1' title='bbox 168 418 209 481; x_wconf 71' lang='grc'>74</span> <span class='ocrx_word' id='word_1_2' title='bbox 296 434 479 481; x_wconf 83' lang='lat' dir='ltr'>TITULUS</span> <span class='ocrx_word' id='word_1_3' title='bbox 505 434 656 481; x_wconf 80' lang='lat' dir='ltr'>V.-DE</span> <span class='ocrx_word' id='word_1_4' title='bbox 685 434 964 481; x_wconf 70' lang='lat' dir='ltr'>CLERICORUM</span> <span class='ocrx_word' id='word_1_5' title='bbox 994 434 1292 482; x_wconf 71' lang='lat' dir='ltr'>nnucnrroxss.</span> 
     </span>
    </p>
   </div>
   <div class='ocr_carea' id='block_1_2' title="bbox 113 589 1403 4645">
    <p class='ocr_par' dir='ltr' id='par_1_2' title="bbox 162 589 1403 2203">
     <span class='ocr_line' id='line_1_2' title="bbox 165 589 1403 690; baseline 0.002 -27"><span class='ocrx_word' id='word_1_6' title='bbox 165 589 339 664; x_wconf 86' lang='lat' dir='ltr'>custodia</span> <span class='ocrx_word' id='word_1_7' title='bbox 369 589 500 689; x_wconf 87' lang='lat' dir='ltr'>legum</span> <span class='ocrx_word' id='word_1_8' title='bbox 531 591 635 689; x_wconf 81' lang='lat' dir='ltr'>(Sap.</span> <span class='ocrx_word' id='word_1_9' title='bbox 655 612 712 666; x_wconf 84' lang='lat' dir='ltr'>vr.</span> <span class='ocrx_word' id='word_1_10' title='bbox 738 592 826 690; x_wconf 89' lang='lat'>19);</span> <span class='ocrx_word' id='word_1_11' title='bbox 857 592 1043 666; x_wconf 78' lang='lat' dir='ltr'>edoceant</span> <span class='ocrx_word' id='word_1_12' title='bbox 1066 615 1132 666; x_wconf 89' lang='lat' dir='ltr'>eos</span> <span class='ocrx_word' id='word_1_13' title='bbox 1157 598 1403 666; x_wconf 85' lang='lat' dir='ltr'>sacramenta</span> 
     </span>
     <span class='ocr_line' id='line_1_3' title="bbox 164 705 1401 804; baseline 0.003 -26"><span class='ocrx_word' id='word_1_14' title='bbox 164 705 229 804; x_wconf 90' lang='lat' dir='ltr'>pie</span> <span class='ocrx_word' id='word_1_15' title='bbox 261 707 517 804; x_wconf 86' lang='lat' dir='ltr'>frequentare,</span> <span class='ocrx_word' id='word_1_16' title='bbox 552 706 846 781; x_wconf 78' lang='lat' dir='ltr'>sanctissimum</span> <span class='ocrx_word' id='word_1_17' title='bbox 889 707 1181 783; x_wconf 81' lang='lat' dir='ltr'><strong>Sacramentum</strong></span> <span class='ocrx_word' id='word_1_18' title='bbox 1225 708 1401 801; x_wconf 87' lang='lat' dir='ltr'>adorare,</span> 
     </span>
     <span class='ocr_line' id='line_1_4' title="bbox 165 821 1401 920; baseline 0 -24"><span class='ocrx_word' id='word_1_19' title='bbox 165 821 439 898; x_wconf 87' lang='lat' dir='ltr'>Beatissimam</span> <span class='ocrx_word' id='word_1_20' title='bbox 470 823 674 920; x_wconf 82' lang='lat' dir='ltr'>Virginem</span> <span class='ocrx_word' id='word_1_21' title='bbox 705 825 842 898; x_wconf 90' lang='lat' dir='ltr'>devote</span> <span class='ocrx_word' id='word_1_22' title='bbox 872 824 1008 916; x_wconf 89' lang='lat' dir='ltr'>colere,</span> <span class='ocrx_word' id='word_1_23' title='bbox 1038 823 1180 899; x_wconf 87' lang='lat' dir='ltr'>missae</span> <span class='ocrx_word' id='word_1_24' title='bbox 1213 822 1401 898; x_wconf 90' lang='lat' dir='ltr'>sacrificio</span> 
     </span>
     <span class='ocr_line' id='line_1_5' title="bbox 164 938 1400 1038; baseline 0.002 -26"><span class='ocrx_word' id='word_1_25' title='bbox 164 946 310 1014; x_wconf 88' lang='lat' dir='ltr'>attente</span> <span class='ocrx_word' id='word_1_26' title='bbox 335 965 380 1014; x_wconf 90' lang='lat' dir='ltr'>ac</span> <span class='ocrx_word' id='word_1_27' title='bbox 404 939 469 1038; x_wconf 86' lang='lat' dir='ltr'>pie</span> <span class='ocrx_word' id='word_1_28' title='bbox 492 939 688 1031; x_wconf 88' lang='lat' dir='ltr'>interesse,</span> <span class='ocrx_word' id='word_1_29' title='bbox 706 965 794 1015; x_wconf 90' lang='lat' dir='ltr'>cum</span> <span class='ocrx_word' id='word_1_30' title='bbox 820 942 949 1015; x_wconf 82' lang='lat' dir='ltr'>fructu</span> <span class='ocrx_word' id='word_1_31' title='bbox 973 938 1166 1031; x_wconf 90' lang='lat' dir='ltr'>meditari,</span> <span class='ocrx_word' id='word_1_32' title='bbox 1183 946 1225 1015; x_wconf 91' lang='lat' dir='ltr'>et</span> <span class='ocrx_word' id='word_1_33' title='bbox 1241 939 1400 1038; x_wconf 87' lang='lat' dir='ltr'>spiritu·</span> 
     </span>
     <span class='ocr_line' id='line_1_6' title="bbox 164 1054 1396 1155; baseline 0.002 -25"><span class='ocrx_word' id='word_1_34' title='bbox 164 1054 245 1130; x_wconf 90' lang='lat' dir='ltr'>ales</span> <span class='ocrx_word' id='word_1_35' title='bbox 275 1056 396 1130; x_wconf 88' lang='lat' dir='ltr'>libros</span> <span class='ocrx_word' id='word_1_36' title='bbox 426 1056 563 1155; x_wconf 88' lang='lat' dir='ltr'>legere.</span> <span class='ocrx_word' id='word_1_37' title='bbox 621 1056 714 1155; x_wconf 86' lang='lat' dir='ltr'>(Cfr.</span> <span class='ocrx_word' id='word_1_38' title='bbox 742 1057 856 1132; x_wconf 85' lang='lat' dir='ltr'>Cone.</span> <span class='ocrx_word' id='word_1_39' title='bbox 889 1056 1004 1132; x_wconf 84' lang='lat' dir='ltr'>Prov.</span> <span class='ocrx_word' id='word_1_40' title='bbox 1033 1056 1171 1149; x_wconf 79' lang='lat' dir='ltr'>coloe,</span> <span class='ocrx_word' id='word_1_41' title='bbox 1201 1082 1238 1132; x_wconf 91' lang='lat' dir='ltr'>a.</span> <span class='ocrx_word' id='word_1_42' title='bbox 1270 1056 1396 1152; x_wconf 85' lang='grc'><strong>1863.)</strong></span> 
     </span>
     <span class='ocr_line' id='line_1_7' title="bbox 163 1172 1400 1272; baseline 0.001 -26"><span class='ocrx_word' id='word_1_43' title='bbox 163 1172 305 1247; x_wconf 84' lang='lat' dir='ltr'>Sedulo</span> <span class='ocrx_word' id='word_1_44' title='bbox 323 1174 566 1271; x_wconf 80' lang='lat' dir='ltr'>provideant,</span> <span class='ocrx_word' id='word_1_45' title='bbox 586 1182 630 1250; x_wconf 89' lang='lat' dir='ltr'>ut</span> <span class='ocrx_word' id='word_1_46' title='bbox 650 1175 807 1272; x_wconf 87' lang='lat' dir='ltr'>regulae</span> <span class='ocrx_word' id='word_1_47' title='bbox 824 1199 895 1271; x_wconf 90' lang='lat' dir='ltr'>pro</span> <span class='ocrx_word' id='word_1_48' title='bbox 913 1172 1132 1247; x_wconf 88' lang='lat' dir='ltr'>seminariis</span> <span class='ocrx_word' id='word_1_49' title='bbox 1149 1172 1400 1248; x_wconf 82' lang='lat' dir='ltr'>moderandis</span> 
     </span>
     <span class='ocr_line' id='line_1_8' title="bbox 163 1288 1399 1381; baseline 0 -18"><span class='ocrx_word' id='word_1_50' title='bbox 163 1288 372 1364; x_wconf 83' lang='lat' dir='ltr'>salubriter</span> <span class='ocrx_word' id='word_1_51' title='bbox 394 1289 628 1366; x_wconf 82' lang='lat' dir='ltr'>constitutae</span> <span class='ocrx_word' id='word_1_52' title='bbox 655 1291 703 1365; x_wconf 89' lang='lat' dir='ltr'>ab</span> <span class='ocrx_word' id='word_1_53' title='bbox 727 1290 908 1364; x_wconf 90' lang='lat' dir='ltr'>omuibus</span> <span class='ocrx_word' id='word_1_54' title='bbox 933 1296 1108 1364; x_wconf 89' lang='lat' dir='ltr'>accurate</span> <span class='ocrx_word' id='word_1_55' title='bbox 1132 1289 1399 1381; x_wconf 84' lang='lat' dir='ltr'>observentur,</span> 
     </span>
     <span class='ocr_line' id='line_1_9' title="bbox 164 1404 1398 1505; baseline -0.001 -25"><span class='ocrx_word' id='word_1_56' title='bbox 164 1431 239 1505; x_wconf 93' lang='lat' dir='ltr'>quo</span> <span class='ocrx_word' id='word_1_57' title='bbox 267 1407 333 1480; x_wconf 91' lang='lat' dir='ltr'>fiet</span> <span class='ocrx_word' id='word_1_58' title='bbox 360 1413 405 1480; x_wconf 91' lang='lat' dir='ltr'>ut</span> <span class='ocrx_word' id='word_1_59' title='bbox 433 1405 473 1480; x_wconf 94' lang='lat' dir='ltr'>in</span> <span class='ocrx_word' id='word_1_60' title='bbox 503 1406 673 1481; x_wconf 89' lang='lat' dir='ltr'>alumnis</span> <span class='ocrx_word' id='word_1_61' title='bbox 701 1405 850 1481; x_wconf 88' lang='lat' dir='ltr'>ordinis</span> <span class='ocrx_word' id='word_1_62' title='bbox 880 1405 998 1480; x_wconf 89' lang='lat' dir='ltr'>etiam</span> <span class='ocrx_word' id='word_1_63' title='bbox 1028 1428 1164 1480; x_wconf 86' lang='lat' dir='ltr'>sensus</span> <span class='ocrx_word' id='word_1_64' title='bbox 1191 1404 1398 1496; x_wconf 81' lang='lat' dir='ltr'>excolatur,</span> 
     </span>
     <span class='ocr_line' id='line_1_10' title="bbox 162 1520 1400 1621; baseline -0.001 -25"><span class='ocrx_word' id='word_1_65' title='bbox 162 1521 315 1621; x_wconf 88' lang='lat' dir='ltr'>ipsique</span> <span class='ocrx_word' id='word_1_66' title='bbox 349 1530 502 1598; x_wconf 88' lang='lat' dir='ltr'>mature</span> <span class='ocrx_word' id='word_1_67' title='bbox 536 1522 666 1599; x_wconf 92' lang='lat' dir='ltr'>ordini</span> <span class='ocrx_word' id='word_1_68' title='bbox 698 1522 741 1597; x_wconf 91' lang='lat' dir='ltr'>in</span> <span class='ocrx_word' id='word_1_69' title='bbox 775 1521 922 1597; x_wconf 88' lang='lat' dir='ltr'>cunctis</span> <span class='ocrx_word' id='word_1_70' title='bbox 955 1522 1071 1597; x_wconf 90' lang='lat' dir='ltr'>rebus</span> <span class='ocrx_word' id='word_1_71' title='bbox 1101 1520 1400 1620; x_wconf 85' lang='lat' dir='ltr'>diligentissime</span> 
     </span>
     <span class='ocr_line' id='line_1_11' title="bbox 162 1636 1399 1736; baseline -0.002 -22"><span class='ocrx_word' id='word_1_72' title='bbox 162 1641 330 1714; x_wconf 89' lang='lat' dir='ltr'>tenendo</span> <span class='ocrx_word' id='word_1_73' title='bbox 365 1641 585 1715; x_wconf 87' lang='lat' dir='ltr'>assuefiant.</span> <span class='ocrx_word' id='word_1_74' title='bbox 644 1639 815 1714; x_wconf 89' lang='lat' dir='ltr'>Assidue</span> <span class='ocrx_word' id='word_1_75' title='bbox 847 1636 1057 1736; x_wconf 88' lang='lat' dir='ltr'>invigilent</span> <span class='ocrx_word' id='word_1_76' title='bbox 1089 1637 1292 1735; x_wconf 87' lang='lat' dir='ltr'>discipulis</span> <span class='ocrx_word' id='word_1_77' title='bbox 1326 1637 1399 1712; x_wconf 87' lang='lat' dir='ltr'>sibi</span> 
     </span>
     <span class='ocr_line' id='line_1_12' title="bbox 162 1753 1399 1852; baseline -0.001 -23"><span class='ocrx_word' id='word_1_78' title='bbox 162 1755 391 1831; x_wconf 87' lang='lat' dir='ltr'>concreditis</span> <span class='ocrx_word' id='word_1_79' title='bbox 417 1756 500 1830; x_wconf 85' lang='lat' dir='ltr'>sive</span> <span class='ocrx_word' id='word_1_80' title='bbox 517 1755 649 1831; x_wconf 89' lang='lat' dir='ltr'>studio</span> <span class='ocrx_word' id='word_1_81' title='bbox 667 1755 907 1848; x_wconf 87' lang='lat' dir='ltr'>vacantibus,</span> <span class='ocrx_word' id='word_1_82' title='bbox 925 1753 1008 1829; x_wconf 88' lang='lat' dir='ltr'>sive</span> <span class='ocrx_word' id='word_1_83' title='bbox 1033 1753 1138 1829; x_wconf 90' lang='lat' dir='ltr'>ludis</span> <span class='ocrx_word' id='word_1_84' title='bbox 1163 1753 1399 1852; x_wconf 85' lang='lat' dir='ltr'>indulgenti·</span> 
     </span>
     <span class='ocr_line' id='line_1_13' title="bbox 162 1869 1399 1970; baseline -0.002 -24"><span class='ocrx_word' id='word_1_85' title='bbox 162 1871 255 1964; x_wconf 83' lang='lat' dir='ltr'>bus3</span> <span class='ocrx_word' id='word_1_86' title='bbox 283 1897 330 1946; x_wconf 82' lang='lat' dir='ltr'>ex</span> <span class='ocrx_word' id='word_1_87' title='bbox 346 1871 540 1947; x_wconf 85' lang='lat' dir='ltr'>indefessa</span> <span class='ocrx_word' id='word_1_88' title='bbox 556 1872 661 1947; x_wconf 88' lang='lat' dir='ltr'>enim</span> <span class='ocrx_word' id='word_1_89' title='bbox 676 1870 881 1970; x_wconf 89' lang='lat' dir='ltr'>vigilantia</span> <span class='ocrx_word' id='word_1_90' title='bbox 899 1869 1067 1945; x_wconf 86' lang='lat' dir='ltr'>maxime</span> <span class='ocrx_word' id='word_1_91' title='bbox 1083 1871 1227 1969; x_wconf 88' lang='lat' dir='ltr'>pendet</span> <span class='ocrx_word' id='word_1_92' title='bbox 1245 1895 1399 1945; x_wconf 91' lang='lat' dir='ltr'>morum</span> 
     </span>
     <span class='ocr_line' id='line_1_14' title="bbox 162 1986 1398 2085; baseline -0.002 -23"><span class='ocrx_word' id='word_1_93' title='bbox 162 1987 348 2080; x_wconf 88' lang='lat' dir='ltr'>custodia,</span> <span class='ocrx_word' id='word_1_94' title='bbox 366 1987 511 2063; x_wconf 88' lang='lat' dir='ltr'>indolis</span> <span class='ocrx_word' id='word_1_95' title='bbox 527 1988 723 2080; x_wconf 88' lang='lat' dir='ltr'>correctio,</span> <span class='ocrx_word' id='word_1_96' title='bbox 741 1986 1036 2085; x_wconf 87' lang='lat' dir='ltr'>studiorumque</span> <span class='ocrx_word' id='word_1_97' title='bbox 1053 1987 1258 2084; x_wconf 88' lang='lat' dir='ltr'>profectus.</span> <span class='ocrx_word' id='word_1_98' title='bbox 1306 1987 1398 2081; x_wconf 77' lang='lat' dir='ltr'>(cfr.</span> 
     </span>
     <span class='ocr_line' id='line_1_15' title="bbox 162 2104 785 2203; baseline 0.002 -25"><span class='ocrx_word' id='word_1_99' title='bbox 162 2104 275 2179; x_wconf 85' lang='lat' dir='ltr'>Cone.</span> <span class='ocrx_word' id='word_1_100' title='bbox 295 2104 411 2180; x_wconf 89' lang='lat' dir='ltr'>Prov.</span> <span class='ocrx_word' id='word_1_101' title='bbox 430 2105 586 2198; x_wconf 79' lang='lat' dir='ltr'>Turon,</span> <span class='ocrx_word' id='word_1_102' title='bbox 605 2130 639 2180; x_wconf 90' lang='lat' dir='ltr'>a.</span> <span class='ocrx_word' id='word_1_103' title='bbox 658 2105 785 2203; x_wconf 89' lang='grc'>1849.)</span> 
     </span>
    </p>

    <p class='ocr_par' dir='ltr' id='par_1_3' title="bbox 113 2217 1400 4041">
     <span class='ocr_line' id='line_1_16' title="bbox 212 2217 1398 2319; baseline -0.002 -24"><span class='ocrx_word' id='word_1_104' title='bbox 212 2223 297 2297; x_wconf 87' lang='grc'><strong>143.</strong></span> <span class='ocrx_word' id='word_1_105' title='bbox 326 2220 374 2295; x_wconf 91' lang='lat' dir='ltr'>In</span> <span class='ocrx_word' id='word_1_106' title='bbox 392 2247 437 2296; x_wconf 93' lang='lat' dir='ltr'>eo</span> <span class='ocrx_word' id='word_1_107' title='bbox 455 2221 573 2296; x_wconf 89' lang='lat' dir='ltr'>etiam</span> <span class='ocrx_word' id='word_1_108' title='bbox 599 2220 835 2296; x_wconf 89' lang='lat' dir='ltr'>industriam</span> <span class='ocrx_word' id='word_1_109' title='bbox 860 2226 1010 2319; x_wconf 91' lang='lat' dir='ltr'>ponant</span> <span class='ocrx_word' id='word_1_110' title='bbox 1035 2225 1080 2295; x_wconf 89' lang='lat' dir='ltr'>ut</span> <span class='ocrx_word' id='word_1_111' title='bbox 1103 2217 1216 2317; x_wconf 90' lang='lat' dir='ltr'>pueri</span> <span class='ocrx_word' id='word_1_112' title='bbox 1242 2219 1398 2294; x_wconf 91' lang='lat' dir='ltr'>urbani·</span> 
     </span>
     <span class='ocr_line' id='line_1_17' title="bbox 162 2334 1398 2436; baseline -0.002 -24"><span class='ocrx_word' id='word_1_113' title='bbox 162 2337 254 2412; x_wconf 88' lang='lat' dir='ltr'>tatis</span> <span class='ocrx_word' id='word_1_114' title='bbox 280 2337 385 2436; x_wconf 89' lang='lat' dir='ltr'>leges</span> <span class='ocrx_word' id='word_1_115' title='bbox 411 2337 615 2413; x_wconf 87' lang='lat' dir='ltr'>addiscant</span> <span class='ocrx_word' id='word_1_116' title='bbox 634 2344 674 2412; x_wconf 91' lang='lat' dir='ltr'>et</span> <span class='ocrx_word' id='word_1_117' title='bbox 691 2338 740 2412; x_wconf 93' lang='lat' dir='ltr'>ad</span> <span class='ocrx_word' id='word_1_118' title='bbox 758 2337 971 2436; x_wconf 90' lang='lat' dir='ltr'>quamdam</span> <span class='ocrx_word' id='word_1_119' title='bbox 996 2359 1150 2410; x_wconf 92' lang='lat' dir='ltr'>morum</span> <span class='ocrx_word' id='word_1_120' title='bbox 1175 2334 1398 2410; x_wconf 89' lang='lat' dir='ltr'>comitatem</span> 
     </span>
     <span class='ocr_line' id='line_1_18' title="bbox 113 2451 1397 2551; baseline -0.002 -24"><span class='ocrx_word' id='word_1_121' title='bbox 113 2518 119 2527; x_wconf 90' lang='lat'>.</span> <span class='ocrx_word' id='word_1_122' title='bbox 162 2453 432 2529; x_wconf 85' lang='lat' dir='ltr'>informentur.</span> <span class='ocrx_word' id='word_1_123' title='bbox 501 2455 565 2530; x_wconf 88' lang='lat' dir='ltr'>lta</span> <span class='ocrx_word' id='word_1_124' title='bbox 606 2478 838 2546; x_wconf 90' lang='lat' dir='ltr'>sermonem,</span> <span class='ocrx_word' id='word_1_125' title='bbox 872 2459 1039 2551; x_wconf 87' lang='lat' dir='ltr'>gestum,</span> <span class='ocrx_word' id='word_1_126' title='bbox 1072 2451 1280 2544; x_wconf 85' lang='lat' dir='ltr'>incessum,</span> <span class='ocrx_word' id='word_1_127' title='bbox 1314 2476 1397 2527; x_wconf 85' lang='lat' dir='ltr'>ves·</span> 
     </span>
     <span class='ocr_line' id='line_1_19' title="bbox 163 2567 1398 2669; baseline -0.001 -26"><span class='ocrx_word' id='word_1_128' title='bbox 163 2568 291 2663; x_wconf 91' lang='lat' dir='ltr'>titum,</span> <span class='ocrx_word' id='word_1_129' title='bbox 310 2571 428 2645; x_wconf 84' lang='lat' dir='ltr'>verbo</span> <span class='ocrx_word' id='word_1_130' title='bbox 455 2570 587 2645; x_wconf 92' lang='lat' dir='ltr'>omnia</span> <span class='ocrx_word' id='word_1_131' title='bbox 604 2596 703 2669; x_wconf 88' lang='lat' dir='ltr'>quae</span> <span class='ocrx_word' id='word_1_132' title='bbox 728 2568 958 2644; x_wconf 84' lang='lat' dir='ltr'>exteriorem</span> <span class='ocrx_word' id='word_1_133' title='bbox 984 2567 1184 2644; x_wconf 89' lang='lat' dir='ltr'>hominem</span> <span class='ocrx_word' id='word_1_134' title='bbox 1210 2574 1398 2667; x_wconf 82' lang='lat' dir='ltr'>spectant,</span> 
     </span>
     <span class='ocr_line' id='line_1_20' title="bbox 162 2683 1399 2785; baseline -0.002 -24"><span class='ocrx_word' id='word_1_135' title='bbox 162 2694 379 2785; x_wconf 86' lang='lat' dir='ltr'>temperare</span> <span class='ocrx_word' id='word_1_136' title='bbox 396 2689 607 2761; x_wconf 88' lang='lat' dir='ltr'>doceantur</span> <span class='ocrx_word' id='word_1_137' title='bbox 626 2693 670 2761; x_wconf 89' lang='lat' dir='ltr'>ut</span> <span class='ocrx_word' id='word_1_138' title='bbox 693 2685 734 2760; x_wconf 94' lang='lat' dir='ltr'>in</span> <span class='ocrx_word' id='word_1_139' title='bbox 759 2692 842 2760; x_wconf 84' lang='lat' dir='ltr'>toto</span> <span class='ocrx_word' id='word_1_140' title='bbox 867 2683 1040 2783; x_wconf 90' lang='lat' dir='ltr'>corporis</span> <span class='ocrx_word' id='word_1_141' title='bbox 1065 2683 1203 2759; x_wconf 91' lang='lat' dir='ltr'>habitu</span> <span class='ocrx_word' id='word_1_142' title='bbox 1224 2683 1399 2784; x_wconf 88' lang='lat' dir='ltr'>ipsisque</span> 
     </span>
     <span class='ocr_line' id='line_1_21' title="bbox 162 2799 1398 2900; baseline -0.002 -24"><span class='ocrx_word' id='word_1_143' title='bbox 162 2803 334 2877; x_wconf 84' lang='lat' dir='ltr'>vestibus</span> <span class='ocrx_word' id='word_1_144' title='bbox 378 2810 566 2900; x_wconf 88' lang='lat' dir='ltr'>appareat</span> <span class='ocrx_word' id='word_1_145' title='bbox 608 2805 745 2877; x_wconf 92' lang='lat' dir='ltr'>decora</span> <span class='ocrx_word' id='word_1_146' title='bbox 788 2803 979 2900; x_wconf 90' lang='lat' dir='ltr'>quaedam</span> <span class='ocrx_word' id='word_1_147' title='bbox 1021 2799 1262 2875; x_wconf 90' lang='lat' dir='ltr'>concinnitas</span> <span class='ocrx_word' id='word_1_148' title='bbox 1300 2826 1398 2899; x_wconf 88' lang='lat' dir='ltr'>quae</span> 
     </span>
     <span class='ocr_line' id='line_1_22' title="bbox 162 2916 1397 3018; baseline -0.002 -25"><span class='ocrx_word' id='word_1_149' title='bbox 162 2945 282 3018; x_wconf 85' lang='lat' dir='ltr'>aeque</span> <span class='ocrx_word' id='word_1_150' title='bbox 312 2945 335 2994; x_wconf 90' lang='lat' dir='ltr'>a</span> <span class='ocrx_word' id='word_1_151' title='bbox 365 2918 491 3017; x_wconf 89' lang='lat' dir='ltr'>plebis</span> <span class='ocrx_word' id='word_1_152' title='bbox 520 2918 737 2993; x_wconf 88' lang='lat' dir='ltr'>rusticitate</span> <span class='ocrx_word' id='word_1_153' title='bbox 766 2925 805 2992; x_wconf 87' lang='lat' dir='ltr'>et</span> <span class='ocrx_word' id='word_1_154' title='bbox 839 2919 889 2992; x_wconf 89' lang='lat' dir='ltr'>ab</span> <span class='ocrx_word' id='word_1_155' title='bbox 919 2916 1112 3015; x_wconf 81' lang='lat' dir='ltr'>exquisita</span> <span class='ocrx_word' id='word_1_156' title='bbox 1141 2916 1397 2991; x_wconf 88' lang='lat' dir='ltr'>saecularium</span> 
     </span>
     <span class='ocr_line' id='line_1_23' title="bbox 161 3031 1397 3133; baseline -0.002 -24"><span class='ocrx_word' id='word_1_157' title='bbox 161 3035 365 3109; x_wconf 90' lang='lat' dir='ltr'>hominum</span> <span class='ocrx_word' id='word_1_158' title='bbox 408 3035 602 3133; x_wconf 82' lang='lat' dir='ltr'>elegantia</span> <span class='ocrx_word' id='word_1_159' title='bbox 634 3042 785 3109; x_wconf 90' lang='lat' dir='ltr'>remota</span> <span class='ocrx_word' id='word_1_160' title='bbox 828 3035 889 3109; x_wconf 90' lang='lat' dir='ltr'>sit.</span> <span class='ocrx_word' id='word_1_161' title='bbox 958 3031 1159 3132; x_wconf 79' lang='lat' dir='ltr'>Quidquid</span> <span class='ocrx_word' id='word_1_162' title='bbox 1201 3031 1324 3131; x_wconf 87' lang='lat' dir='ltr'>igitur</span> <span class='ocrx_word' id='word_1_163' title='bbox 1357 3033 1397 3107; x_wconf 91' lang='lat' dir='ltr'>in</span> 
     </span>
     <span class='ocr_line' id='line_1_24' title="bbox 162 3149 1397 3250; baseline -0.002 -25"><span class='ocrx_word' id='word_1_164' title='bbox 162 3177 294 3226; x_wconf 91' lang='lat' dir='ltr'>eorum</span> <span class='ocrx_word' id='word_1_165' title='bbox 324 3151 498 3227; x_wconf 90' lang='lat' dir='ltr'>moribus</span> <span class='ocrx_word' id='word_1_166' title='bbox 526 3176 708 3250; x_wconf 85' lang='lat' dir='ltr'>asperum</span> <span class='ocrx_word' id='word_1_167' title='bbox 738 3159 778 3225; x_wconf 91' lang='lat' dir='ltr'>et</span> <span class='ocrx_word' id='word_1_168' title='bbox 804 3152 959 3242; x_wconf 91' lang='lat' dir='ltr'>durum,</span> <span class='ocrx_word' id='word_1_169' title='bbox 987 3149 1223 3224; x_wconf 89' lang='lat' dir='ltr'>inurbanum</span> <span class='ocrx_word' id='word_1_170' title='bbox 1239 3156 1295 3224; x_wconf 85' lang='lat' dir='ltr'>et</span> <span class='ocrx_word' id='word_1_171' title='bbox 1321 3149 1397 3224; x_wconf 93' lang='lat' dir='ltr'>dis·</span> 
     </span>
     <span class='ocr_line' id='line_1_25' title="bbox 162 3264 1397 3364; baseline -0.002 -21"><span class='ocrx_word' id='word_1_172' title='bbox 162 3294 300 3343; x_wconf 89' lang='lat' dir='ltr'>sonum</span> <span class='ocrx_word' id='word_1_173' title='bbox 332 3268 564 3361; x_wconf 84' lang='lat' dir='ltr'>notaverint,</span> <span class='ocrx_word' id='word_1_174' title='bbox 594 3267 636 3342; x_wconf 95' lang='lat' dir='ltr'>in</span> <span class='ocrx_word' id='word_1_175' title='bbox 667 3267 807 3342; x_wconf 87' lang='lat' dir='ltr'>melius</span> <span class='ocrx_word' id='word_1_176' title='bbox 837 3266 1028 3364; x_wconf 88' lang='lat' dir='ltr'>corrigere</span> <span class='ocrx_word' id='word_1_177' title='bbox 1058 3272 1098 3340; x_wconf 87' lang='lat' dir='ltr'>et</span> <span class='ocrx_word' id='word_1_178' title='bbox 1126 3264 1289 3341; x_wconf 88' lang='lat' dir='ltr'>elimare</span> <span class='ocrx_word' id='word_1_179' title='bbox 1319 3273 1397 3341; x_wconf 90' lang='lat' dir='ltr'>stu·</span> 
     </span>
     <span class='ocr_line' id='line_1_26' title="bbox 162 3382 1399 3460; baseline -0.002 0"><span class='ocrx_word' id='word_1_180' title='bbox 162 3386 290 3460; x_wconf 89' lang='lat' dir='ltr'>deant.</span> <span class='ocrx_word' id='word_1_181' title='bbox 353 3384 454 3459; x_wconf 81' lang='lat' dir='ltr'>Sane</span> <span class='ocrx_word' id='word_1_182' title='bbox 482 3384 695 3459; x_wconf 88' lang='lat' dir='ltr'>christiana</span> <span class='ocrx_word' id='word_1_183' title='bbox 729 3382 929 3457; x_wconf 88' lang='lat' dir='ltr'>urbanitas</span> <span class='ocrx_word' id='word_1_184' title='bbox 964 3389 1004 3458; x_wconf 90' lang='lat' dir='ltr'>et</span> <span class='ocrx_word' id='word_1_185' title='bbox 1036 3406 1189 3456; x_wconf 93' lang='lat' dir='ltr'>morum</span> <span class='ocrx_word' id='word_1_186' title='bbox 1224 3382 1399 3457; x_wconf 83' lang='lat' dir='ltr'>suavitas</span> 
     </span>
     <span class='ocr_line' id='line_1_27' title="bbox 162 3496 1397 3600; baseline -0.002 -25"><span class='ocrx_word' id='word_1_187' title='bbox 162 3527 261 3600; x_wconf 88' lang='lat' dir='ltr'>quac</span> <span class='ocrx_word' id='word_1_188' title='bbox 290 3526 337 3576; x_wconf 84' lang='lat' dir='ltr'>ex</span> <span class='ocrx_word' id='word_1_189' title='bbox 366 3499 526 3575; x_wconf 88' lang='lat' dir='ltr'>caritate</span> <span class='ocrx_word' id='word_1_190' title='bbox 556 3509 596 3575; x_wconf 90' lang='lat' dir='ltr'>et</span> <span class='ocrx_word' id='word_1_191' title='bbox 624 3500 847 3575; x_wconf 89' lang='lat' dir='ltr'>humilitate</span> <span class='ocrx_word' id='word_1_192' title='bbox 875 3501 1079 3598; x_wconf 89' lang='lat' dir='ltr'>prodeunt,</span> <span class='ocrx_word' id='word_1_193' title='bbox 1106 3496 1255 3573; x_wconf 90' lang='lat' dir='ltr'>clericis</span> <span class='ocrx_word' id='word_1_194' title='bbox 1285 3524 1397 3574; x_wconf 90' lang='lat' dir='ltr'>orna-</span> 
     </span>
     <span class='ocr_line' id='line_1_28' title="bbox 163 3615 1397 3715; baseline -0.001 -24"><span class='ocrx_word' id='word_1_195' title='bbox 163 3624 293 3693; x_wconf 90' lang='lat' dir='ltr'>mento</span> <span class='ocrx_word' id='word_1_196' title='bbox 320 3624 412 3691; x_wconf 91' lang='lat' dir='ltr'>sunt</span> <span class='ocrx_word' id='word_1_197' title='bbox 437 3624 476 3691; x_wconf 90' lang='lat' dir='ltr'>et</span> <span class='ocrx_word' id='word_1_198' title='bbox 501 3616 695 3715; x_wconf 88' lang='lat' dir='ltr'>dignitati,</span> <span class='ocrx_word' id='word_1_199' title='bbox 720 3615 1015 3714; x_wconf 84' lang='lat' dir='ltr'>splendorisque</span> <span class='ocrx_word' id='word_1_200' title='bbox 1041 3639 1118 3688; x_wconf 92' lang='lat' dir='ltr'>non</span> <span class='ocrx_word' id='word_1_201' title='bbox 1145 3638 1285 3712; x_wconf 91' lang='lat' dir='ltr'>parum</span> <span class='ocrx_word' id='word_1_202' title='bbox 1311 3617 1397 3690; x_wconf 88' lang='lat' dir='ltr'>doc·</span> 
     </span>
     <span class='ocr_line' id='line_1_29' title="bbox 162 3729 1400 3831; baseline -0.002 -22"><span class='ocrx_word' id='word_1_203' title='bbox 162 3734 287 3809; x_wconf 90' lang='lat' dir='ltr'>trinae</span> <span class='ocrx_word' id='word_1_204' title='bbox 322 3740 362 3808; x_wconf 90' lang='lat' dir='ltr'>et</span> <span class='ocrx_word' id='word_1_205' title='bbox 404 3733 541 3831; x_wconf 89' lang='lat' dir='ltr'>pietati</span> <span class='ocrx_word' id='word_1_206' title='bbox 585 3733 761 3824; x_wconf 87' lang='lat' dir='ltr'>afferunt,</span> <span class='ocrx_word' id='word_1_207' title='bbox 796 3732 913 3830; x_wconf 89' lang='lat' dir='ltr'>idque</span> <span class='ocrx_word' id='word_1_208' title='bbox 947 3734 1105 3806; x_wconf 90' lang='lat' dir='ltr'>demum</span> <span class='ocrx_word' id='word_1_209' title='bbox 1148 3729 1315 3806; x_wconf 90' lang='lat' dir='ltr'>efficient</span> <span class='ocrx_word' id='word_1_210' title='bbox 1356 3739 1400 3807; x_wconf 88' lang='lat' dir='ltr'>ut</span> 
     </span>
     <span class='ocr_line' id='line_1_30' title="bbox 163 3849 1399 3947; baseline 0 -23"><span class='ocrx_word' id='word_1_211' title='bbox 163 3850 332 3924; x_wconf 87' lang='lat' dir='ltr'>ministri</span> <span class='ocrx_word' id='word_1_212' title='bbox 364 3849 437 3925; x_wconf 91' lang='lat' dir='ltr'>Dei</span> <span class='ocrx_word' id='word_1_213' title='bbox 471 3849 695 3923; x_wconf 89' lang='lat' dir='ltr'>hominibus</span> <span class='ocrx_word' id='word_1_214' title='bbox 730 3873 814 3924; x_wconf 89' lang='lat' dir='ltr'>sese</span> <span class='ocrx_word' id='word_1_215' title='bbox 848 3855 1023 3947; x_wconf 90' lang='lat' dir='ltr'>acceptos</span> <span class='ocrx_word' id='word_1_216' title='bbox 1057 3849 1224 3923; x_wconf 91' lang='lat' dir='ltr'>reddant</span> <span class='ocrx_word' id='word_1_217' title='bbox 1257 3873 1399 3947; x_wconf 87' lang='lat' dir='ltr'>eosque</span> 
     </span>
     <span class='ocr_line' id='line_1_31' title="bbox 162 3964 939 4041; baseline -0.004 0"><span class='ocrx_word' id='word_1_218' title='bbox 162 3966 315 4041; x_wconf 81' lang='lat' dir='ltr'>facilius</span> <span class='ocrx_word' id='word_1_219' title='bbox 341 3966 496 4040; x_wconf 86' lang='lat' dir='ltr'>Christo</span> <span class='ocrx_word' id='word_1_220' title='bbox 523 3965 746 4041; x_wconf 88' lang='lat' dir='ltr'>lucrifacere</span> <span class='ocrx_word' id='word_1_221' title='bbox 770 3964 939 4039; x_wconf 88' lang='lat' dir='ltr'>valeant.</span> 
     </span>
    </p>

    <p class='ocr_par' dir='ltr' id='par_1_4' title="bbox 162 4080 1399 4645">
     <span class='ocr_line' id='line_1_32' title="bbox 213 4080 1398 4181; baseline -0.001 -24"><span class='ocrx_word' id='word_1_222' title='bbox 213 4084 298 4157; x_wconf 88' lang='lat'>144.</span> <span class='ocrx_word' id='word_1_223' title='bbox 333 4082 374 4156; x_wconf 76' lang='lat' dir='ltr'>Si</span> <span class='ocrx_word' id='word_1_224' title='bbox 409 4082 476 4181; x_wconf 94' lang='lat' dir='ltr'>qui</span> <span class='ocrx_word' id='word_1_225' title='bbox 511 4082 853 4180; x_wconf 89' lang='lat' dir='ltr'>deprehendantur</span> <span class='ocrx_word' id='word_1_226' title='bbox 883 4080 1131 4156; x_wconf 86' lang='lat' dir='ltr'>facultatibus</span> <span class='ocrx_word' id='word_1_227' title='bbox 1166 4105 1236 4155; x_wconf 85' lang='lat' dir='ltr'>seu</span> <span class='ocrx_word' id='word_1_228' title='bbox 1265 4081 1398 4156; x_wconf 91' lang='lat' dir='ltr'>animo</span> 
     </span>
     <span class='ocr_line' id='line_1_33' title="bbox 162 4196 1399 4295; baseline -0.002 -22"><span class='ocrx_word' id='word_1_229' title='bbox 162 4198 281 4274; x_wconf 88' lang='lat' dir='ltr'>statui</span> <span class='ocrx_word' id='word_1_230' title='bbox 298 4198 465 4273; x_wconf 88' lang='lat' dir='ltr'>clericali</span> <span class='ocrx_word' id='word_1_231' title='bbox 483 4199 750 4273; x_wconf 86' lang='lat' dir='ltr'>consentaneis</span> <span class='ocrx_word' id='word_1_232' title='bbox 769 4197 956 4289; x_wconf 90' lang='lat' dir='ltr'>destituti,</span> <span class='ocrx_word' id='word_1_233' title='bbox 974 4196 1153 4295; x_wconf 90' lang='lat' dir='ltr'>religioni</span> <span class='ocrx_word' id='word_1_234' title='bbox 1174 4203 1244 4272; x_wconf 93' lang='lat' dir='ltr'>aut</span> <span class='ocrx_word' id='word_1_235' title='bbox 1259 4197 1399 4271; x_wconf 83' lang='lat' dir='ltr'>virtuti</span> 
     </span>
     <span class='ocr_line' id='line_1_34' title="bbox 162 4312 1397 4412; baseline -0.001 -24"><span class='ocrx_word' id='word_1_236' title='bbox 162 4316 324 4390; x_wconf 89' lang='lat' dir='ltr'>minime</span> <span class='ocrx_word' id='word_1_237' title='bbox 354 4314 487 4406; x_wconf 86' lang='lat' dir='ltr'>dediti,</span> <span class='ocrx_word' id='word_1_238' title='bbox 514 4314 742 4412; x_wconf 86' lang='lat' dir='ltr'>disciplinae</span> <span class='ocrx_word' id='word_1_239' title='bbox 772 4313 1031 4411; x_wconf 88' lang='lat' dir='ltr'>impatientes,</span> <span class='ocrx_word' id='word_1_240' title='bbox 1058 4320 1307 4411; x_wconf 86' lang='lat' dir='ltr'>arrogantem</span> <span class='ocrx_word' id='word_1_241' title='bbox 1335 4312 1397 4387; x_wconf 84' lang='lat' dir='ltr'>vel</span> 
     </span>
     <span class='ocr_line' id='line_1_35' title="bbox 162 4428 1395 4529; baseline -0.002 -24"><span class='ocrx_word' id='word_1_242' title='bbox 162 4431 399 4529; x_wconf 90' lang='lat' dir='ltr'>pertinacem</span> <span class='ocrx_word' id='word_1_243' title='bbox 425 4430 597 4505; x_wconf 92' lang='lat' dir='ltr'>indolem</span> <span class='ocrx_word' id='word_1_244' title='bbox 624 4456 717 4528; x_wconf 87' lang='lat' dir='ltr'>prae</span> <span class='ocrx_word' id='word_1_245' title='bbox 743 4455 784 4504; x_wconf 87' lang='lat' dir='ltr'>sc</span> <span class='ocrx_word' id='word_1_246' title='bbox 810 4432 987 4523; x_wconf 86' lang='lat' dir='ltr'>ferentes,</span> <span class='ocrx_word' id='word_1_247' title='bbox 1006 4437 1074 4504; x_wconf 92' lang='lat' dir='ltr'>aut</span> <span class='ocrx_word' id='word_1_248' title='bbox 1096 4429 1184 4504; x_wconf 92' lang='lat' dir='ltr'>aliis</span> <span class='ocrx_word' id='word_1_249' title='bbox 1209 4428 1294 4505; x_wconf 87' lang='lat' dir='ltr'>sive</span> <span class='ocrx_word' id='word_1_250' title='bbox 1319 4429 1395 4504; x_wconf 89' lang='lat' dir='ltr'>dic-</span> 
     </span>
     <span class='ocr_line' id='line_1_36' title="bbox 163 4546 1398 4645; baseline 0 -25"><span class='ocrx_word' id='word_1_251' title='bbox 163 4546 213 4620; x_wconf 90' lang='lat' dir='ltr'>tis</span> <span class='ocrx_word' id='word_1_252' title='bbox 239 4547 321 4621; x_wconf 85' lang='lat' dir='ltr'>siva</span> <span class='ocrx_word' id='word_1_253' title='bbox 346 4547 456 4621; x_wconf 85' lang='lat' dir='ltr'>factis</span> <span class='ocrx_word' id='word_1_254' title='bbox 483 4546 712 4621; x_wconf 87' lang='lat' dir='ltr'>offendiculo</span> <span class='ocrx_word' id='word_1_255' title='bbox 739 4572 822 4621; x_wconf 89' lang='lat' dir='ltr'>esse</span> <span class='ocrx_word' id='word_1_256' title='bbox 849 4546 1147 4643; x_wconf 88' lang='lat' dir='ltr'>comperiantur,</span> <span class='ocrx_word' id='word_1_257' title='bbox 1173 4553 1213 4620; x_wconf 90' lang='lat' dir='ltr'>et</span> <span class='ocrx_word' id='word_1_258' title='bbox 1242 4547 1398 4645; x_wconf 89' lang='lat' dir='ltr'>saepius</span> 
     </span>
    </p>
   </div>
   <div class='ocr_carea' id='block_1_3' title="bbox 0 0 1576 5242">
    <p class='ocr_par' dir='ltr' id='par_1_5' title="bbox 0 0 1576 5242">
     <span class='ocr_line' id='line_1_37' title="bbox 0 0 1576 5242; baseline 0 0"><span class='ocrx_word' id='word_1_259' title='bbox 0 0 1576 5242; x_wconf 95' lang='lat' dir='ltr'> </span> 
     </span>
    </p>
   </div>
  </div>
 </body>
</html>
