3142 5242
580 500 634 546 nu
663 500 987 549 nsounasrnus.
1359 486 1398 548 51

165 664 249 730 rate
275 664 479 731 serventur
505 681 529 730 a
554 656 751 731 sororibus
781 682 947 755 quarum
975 657 1111 756 regula
1141 658 1400 758 eleemosyna·

165 797 253 847 rum
271 771 536 847 collectionem
553 771 616 847 vel
634 772 825 871 praecipit
841 773 903 848 vel
922 773 1060 848 saltem
1078 772 1119 848 in
1137 773 1253 848 certis
1269 798 1401 849 rerum

166 887 360 985 adjunctis
376 890 583 963 concedere
608 898 796 981 censetur,
816 888 956 987 quibus
982 889 1063 964 scil.
1082 896 1237 964 tantum
1262 889 1400 965 sorori·

166 1003 239 1078 bus
262 1003 444 1078 collectae
469 1003 757 1102 permittantur.
811 1004 860 1079 Iu
886 1005 1055 1080 alienam
1076 1030 1169 1080 vero
1196 1004 1401 1080 dioecesim

167 1144 367 1219 nunquam
384 1119 435 1194 iis
452 1118 595 1218 stipem
609 1120 825 1195 collecturis
838 1121 1067 1196 transeundi
1081 1123 1176 1196 dent
1192 1119 1401 1214 licentiam,

166 1234 242 1310 nisi
268 1235 378 1335 prius
404 1237 562 1311 obtenta
586 1236 628 1310 in
655 1237 809 1334 scriptis
828 1236 943 1312 venia
969 1237 1166 1313 Ordinarii
1193 1237 1275 1313 loci.

216 1352 364 1443 Quodsi
388 1353 546 1428 Sorores
563 1352 627 1427 vel
645 1352 763 1428 etiam
781 1352 869 1428 laici
888 1353 1046 1428 Fratres
1064 1353 1228 1453 alicujus
1245 1380 1400 1453 congre·

165 1468 335 1568 gationis
360 1467 598 1566 simplicium
626 1476 807 1544 votorum
837 1494 916 1545 non
946 1470 1203 1563 dioecesanae,
1231 1473 1300 1545 sed
1329 1470 1402 1545 sub

166 1585 364 1682 superiore
392 1585 565 1684 generali
594 1585 837 1679 constitutae,
869 1587 1013 1684 absque
1042 1586 1267 1685 hujusmodi
1298 1586 1402 1661 inter

166 1700 394 1777 Ordinarios
410 1701 666 1777 conventione
682 1701 824 1800 stipem
840 1702 1066 1801 colligentes
1090 1701 1132 1777 iu
1150 1702 1279 1777 aliena
1295 1702 1399 1778 dioe-

165 1816 240 1892 cesi
266 1818 618 1915 deprehendantur,
645 1818 862 1916 Episcopus
887 1818 950 1893 vel
976 1818 1061 1917 ipse
1087 1818 1149 1895 vel
1176 1819 1277 1894 facta
1302 1819 1400 1893 rela-

166 1933 270 2009 tione
296 1935 347 2008 ad
365 1933 616 2009 Ordinarium
642 1934 826 2010 dioecesis
852 1937 955 2010 unde
971 1942 1173 2028 venerunt,
1193 1934 1339 2028 efficiet,
1359 1942 1403 2011 ut

167 2051 299 2124 statim
334 2075 405 2149 per
438 2075 532 2125 suae
564 2051 873 2149 congregationis
907 2051 1126 2150 superiores
1159 2058 1400 2127 revocentur.

166 2166 206 2240 Si
222 2167 441 2241 remedium
458 2166 591 2241 efficax
610 2191 780 2265 congruo
800 2167 1158 2265 tempore'allatum
1177 2192 1254 2242 non
1272 2167 1401 2260 luerit,

166 2307 227 2357 res
243 2283 489 2358 renuntietur
504 2282 544 2357 S.
562 2282 861 2381 Congregationi
878 2285 927 2358 de
944 2283 1062 2382 Prop.
1081 2283 1188 2365 Fide.

215 2400 276 2475 96.
321 2397 457 2498 Neque
492 2398 694 2497 negligant
726 2398 921 2497 Episcopi,
947 2424 1019 2498 pro
1053 2399 1249 2476 sororibus
1284 2399 1402 2475 etiam

167 2514 403 2613 simplicium
442 2521 634 2609 votorum,
673 2515 782 2614 sequi
820 2515 1165 2614 praescriptionem
1208 2515 1402 2591 Ecclesiae

167 2656 265 2730 quae
282 2631 371 2706 vult
393 2637 436 2707 ut
461 2655 533 2730 pro
557 2630 917 2706 sanctimonialibus
934 2632 984 2706 ab
1008 2631 1214 2708 Ordinario
1232 2632 1295 2707 vel
1315 2631 1402 2706 aliis

167 2747 431 2846 superioribus
469 2755 554 2822 tum
590 2747 845 2822 confessarius
879 2747 1099 2822 ordinarius
1133 2747 1401 2840 constituatur,

167 2871 251 2939 tum
285 2863 490 2962 aliquoties
528 2888 599 2963 per
637 2888 783 2938 annum
818 2863 1148 2939 extraordinarius
1183 2866 1402 2962 deputetur.

172 2979 302 3077 (Cone.
320 2978 430 3054 Plen.
449 2979 553 3055 Balt.
571 2979 639 3074 11,
657 2978 696 3055 N
699 3005 731 3054 o.
752 2979 855 3077 417.)
911 2978 1133 3079 Utrumque
1159 2979 1245 3055 dari
1271 2987 1402 3078 postu-

168 3095 252 3171 lant
267 3122 357 3172 cum
380 3095 528 3194 paritas
550 3096 749 3171 rationum
772 3103 856 3171 tum
877 3097 1034 3194 regulae
1052 3103 1091 3171 et
1113 3095 1246 3194 praxis
1263 3096 1403 3171 horum

168 3237 360 3288 novorum
389 3211 657 3287 institutorum
687 3213 737 3287 ab
766 3211 993 3311 Apostolica
1022 3212 1121 3288 Sede
1150 3213 1336 3312 probatae
1365 3219 1405 3286 et

167 3331 470 3404 commendatae.

217 3444 279 3522 97.
336 3444 601 3520 Confessarius
644 3445 876 3540 ordinarius,
920 3444 996 3519 nisi
1039 3445 1154 3521 aliter
1195 3444 1404 3521 necessitas

169 3564 341 3656 suadeat,
385 3562 489 3637 ultra
534 3568 614 3638 tres
661 3586 783 3637 annos
829 3586 901 3661 pro
948 3563 1084 3637 eadem
1127 3561 1404 3637 communitate

170 3703 331 3754 munere
355 3703 426 3754 suo
456 3703 534 3754 nou
564 3680 761 3777 iungatur.
830 3678 1050 3753 Facultates
1084 3677 1320 3753 necessarias
1353 3679 1405 3753 ad

170 3795 501 3870 confirmationem
531 3794 766 3887 confessarii,
791 3794 944 3869 ratione
969 3801 1191 3869 nostrarum
1218 3792 1403 3868 conditio·

172 3935 278 4002 num,
298 3909 565 4008 impetrabunt
588 3909 773 4009 Episcopi
794 3935 818 3985 a
838 3910 876 3984 S.
896 3909 1223 4008 Congregatione.
1264 3910 1403 3984 Extra·

171 4027 392 4103 ordinarius
421 4027 560 4102 saltem
590 4026 650 4101 bis
677 4026 741 4100 vel
771 4035 831 4101 ter
863 4025 905 4101 in
935 4051 1038 4101 anno
1069 4027 1120 4101 ad
1148 4025 1405 4101 confessiones

173 4143 347 4219 omnium
377 4144 622 4242 excipiendas
652 4167 736 4218 sese
765 4142 1050 4241 praesentabit3
1091 4149 1152 4217 ast
1181 4142 1301 4217 etiam
1334 4141 1403 4216 ali-

172 4261 327 4360 quando
360 4259 660 4359 particularibus
694 4259 929 4333 monialibus
964 4259 1118 4357 saepius
1149 4284 1238 4333 eum
1272 4263 1403 4357 postu·

172 4375 345 4451 lantibus
374 4400 452 4451 non
483 4377 705 4474 denegetur.

221 4493 284 4568 98.
309 4494 376 4568 Ad
392 4517 535 4567 munus
558 4491 631 4566 hoc
653 4493 819 4566 arduum
843 4498 883 4567 et
904 4499 1188 4566 momentosum
1212 4490 1407 4588 eligantur

174 4607 249 4682 viri
274 4607 498 4683 maturioris
524 4607 673 4700 aetatis,
697 4607 799 4682 docti
826 4632 870 4683 ac
894 4607 962 4707 pii,
984 4606 1051 4707 qui
1077 4605 1293 4682 sanctitatis
1318 4632 1405 4706 pro·

306 4728 346 4791 ll
