<?xml version="1.0" encoding="UTF-8"?>
<!DOCTYPE html PUBLIC "-//W3C//DTD XHTML 1.0 Transitional//EN"
    "http://www.w3.org/TR/xhtml1/DTD/xhtml1-transitional.dtd">
<html xmlns="http://www.w3.org/1999/xhtml" xml:lang="en" lang="en">
 <head>
  <title>
</title>
<meta http-equiv="Content-Type" content="text/html;charset=utf-8" />
  <meta name='ocr-system' content='tesseract 3.04.00' />
  <meta name='ocr-capabilities' content='ocr_page ocr_carea ocr_par ocr_line ocrx_word'/>
</head>
<body>
  <div class='ocr_page' id='page_1' title='image "./actaetdecretaco00gibbgoog_0170.png"; bbox 0 0 3142 5242; ppageno 0'>
   <div class='ocr_carea' id='block_1_1' title="bbox 530 1031 1077 1179">
    <p class='ocr_par' dir='ltr' id='par_1_1' title="bbox 530 1031 1077 1179">
     <span class='ocr_line' id='line_1_1' title="bbox 530 1031 1077 1179; baseline -0.002 -44"><span class='ocrx_word' id='word_1_1' title='bbox 530 1031 869 1140; x_wconf 73' lang='lat' dir='ltr'><strong>crunnus</strong></span> <span class='ocrx_word' id='word_1_2' title='bbox 913 1032 1033 1138; x_wconf 88' lang='lat'>111.</span> <span class='ocrx_word' id='word_1_3' title='bbox 1073 1163 1077 1179; x_wconf 33' lang='grc'><strong><em>,</em></strong></span> 
     </span>
    </p>
   </div>
   <div class='ocr_carea' id='block_1_2' title="bbox 562 1271 1005 1377">
    <p class='ocr_par' dir='ltr' id='par_1_2' title="bbox 562 1271 1005 1377">
     <span class='ocr_line' id='line_1_2' title="bbox 562 1271 1005 1377; baseline 0 0"><span class='ocrx_word' id='word_1_4' title='bbox 562 1273 625 1377; x_wconf 86' lang='lat' dir='ltr'><strong>De</strong></span> <span class='ocrx_word' id='word_1_5' title='bbox 662 1273 793 1377; x_wconf 79' lang='lat' dir='ltr'><strong>Cultu</strong></span> <span class='ocrx_word' id='word_1_6' title='bbox 828 1271 1005 1377; x_wconf 87' lang='lat' dir='ltr'><strong>Divino.</strong></span> 
     </span>
    </p>
   </div>
   <div class='ocr_carea' id='block_1_3' title="bbox 636 1666 933 1743">
    <p class='ocr_par' dir='ltr' id='par_1_3' title="bbox 636 1666 933 1743">
     <span class='ocr_line' id='line_1_3' title="bbox 636 1666 933 1743; baseline 0.003 -2"><span class='ocrx_word' id='word_1_7' title='bbox 636 1666 853 1742; x_wconf 82' lang='lat' dir='ltr'><strong>CAPUT</strong></span> <span class='ocrx_word' id='word_1_8' title='bbox 890 1666 933 1743; x_wconf 88' lang='lat' dir='ltr'><strong>I.</strong></span> 
     </span>
    </p>
   </div>
   <div class='ocr_carea' id='block_1_4' title="bbox 166 1833 1396 1911">
    <p class='ocr_par' dir='ltr' id='par_1_4' title="bbox 166 1833 1396 1911">
     <span class='ocr_line' id='line_1_4' title="bbox 166 1833 1396 1911; baseline 0.001 -1"><span class='ocrx_word' id='word_1_9' title='bbox 166 1836 231 1910; x_wconf 80' lang='lat' dir='ltr'><strong>Da</strong></span> <span class='ocrx_word' id='word_1_10' title='bbox 258 1836 500 1910; x_wconf 71' lang='lat' dir='ltr'><strong>Facunrsrn</strong></span> <span class='ocrx_word' id='word_1_11' title='bbox 526 1834 599 1908; x_wconf 83' lang='lat' dir='ltr'><strong>Brs</strong></span> <span class='ocrx_word' id='word_1_12' title='bbox 630 1833 778 1907; x_wconf 83' lang='lat' dir='ltr'><strong>Eonnu</strong></span> <span class='ocrx_word' id='word_1_13' title='bbox 811 1833 893 1908; x_wconf 82' lang='lat' dir='ltr'><strong>Dm</strong></span> <span class='ocrx_word' id='word_1_14' title='bbox 924 1835 1089 1910; x_wconf 71' lang='lat' dir='ltr'><strong>M1ssnu</strong></span> <span class='ocrx_word' id='word_1_15' title='bbox 1115 1835 1396 1911; x_wconf 65' lang='lat' dir='ltr'><strong>Gannascum.</strong></span> 
     </span>
    </p>
   </div>
   <div class='ocr_carea' id='block_1_5' title="bbox 163 1999 1398 3841">
    <p class='ocr_par' dir='ltr' id='par_1_5' title="bbox 164 1999 1398 3006">
     <span class='ocr_line' id='line_1_5' title="bbox 216 1999 1398 2100; baseline 0 -24"><span class='ocrx_word' id='word_1_16' title='bbox 216 2001 301 2076; x_wconf 90' lang='grc'><strong>100.</strong></span> <span class='ocrx_word' id='word_1_17' title='bbox 345 2001 458 2090; x_wconf 78' lang='lat' dir='ltr'><strong>Quod</strong></span> <span class='ocrx_word' id='word_1_18' title='bbox 484 1999 620 2099; x_wconf 86' lang='lat' dir='ltr'>priscis</span> <span class='ocrx_word' id='word_1_19' title='bbox 646 1999 886 2098; x_wconf 82' lang='lat' dir='ltr'>temporibus</span> <span class='ocrx_word' id='word_1_20' title='bbox 918 2000 1066 2076; x_wconf 89' lang='lat' dir='ltr'><strong>licitum</strong></span> <span class='ocrx_word' id='word_1_21' title='bbox 1093 2002 1230 2093; x_wconf 83' lang='lat' dir='ltr'><strong>iuerat,</strong></span> <span class='ocrx_word' id='word_1_22' title='bbox 1259 2001 1344 2100; x_wconf 86' lang='lat' dir='ltr'><strong>jam</strong></span> <span class='ocrx_word' id='word_1_23' title='bbox 1375 2027 1398 2077; x_wconf 92' lang='lat' dir='ltr'><strong>a</strong></span> 
     </span>
     <span class='ocr_line' id='line_1_6' title="bbox 165 2114 1398 2215; baseline -0.001 -22"><span class='ocrx_word' id='word_1_24' title='bbox 165 2117 301 2193; x_wconf 91' lang='lat' dir='ltr'><strong>multis</strong></span> <span class='ocrx_word' id='word_1_25' title='bbox 324 2116 486 2193; x_wconf 90' lang='lat' dir='ltr'><strong>saeculis</strong></span> <span class='ocrx_word' id='word_1_26' title='bbox 504 2114 628 2190; x_wconf 84' lang='lat' dir='ltr'><strong>vetuit</strong></span> <span class='ocrx_word' id='word_1_27' title='bbox 651 2114 824 2190; x_wconf 81' lang='lat' dir='ltr'><strong>Ecclesia</strong></span> <span class='ocrx_word' id='word_1_28' title='bbox 846 2117 1065 2214; x_wconf 69' lang='lat' dir='ltr'><strong>quominus</strong></span> <span class='ocrx_word' id='word_1_29' title='bbox 1088 2117 1222 2215; x_wconf 84' lang='lat' dir='ltr'><strong>paucis</strong></span> <span class='ocrx_word' id='word_1_30' title='bbox 1247 2117 1398 2192; x_wconf 79' lang='lat' dir='ltr'><strong>casibus</strong></span> 
     </span>
     <span class='ocr_line' id='line_1_7' title="bbox 165 2230 1397 2332; baseline -0.001 -23"><span class='ocrx_word' id='word_1_31' title='bbox 165 2233 344 2332; x_wconf 84' lang='lat' dir='ltr'><strong>exceptis,</strong></span> <span class='ocrx_word' id='word_1_32' title='bbox 379 2238 665 2308; x_wconf 87' lang='lat' dir='ltr'><strong>sacrosanctum</strong></span> <span class='ocrx_word' id='word_1_33' title='bbox 704 2230 846 2306; x_wconf 90' lang='lat' dir='ltr'><strong>missae</strong></span> <span class='ocrx_word' id='word_1_34' title='bbox 883 2232 1113 2308; x_wconf 87' lang='lat' dir='ltr'><strong>sacrificium</strong></span> <span class='ocrx_word' id='word_1_35' title='bbox 1152 2233 1242 2331; x_wconf 89' lang='lat' dir='ltr'><strong>plus</strong></span> <span class='ocrx_word' id='word_1_36' title='bbox 1279 2258 1397 2331; x_wconf 89' lang='lat' dir='ltr'><strong>quam</strong></span> 
     </span>
     <span class='ocr_line' id='line_1_8' title="bbox 165 2348 1398 2425; baseline -0.001 0"><span class='ocrx_word' id='word_1_37' title='bbox 165 2349 284 2425; x_wconf 90' lang='lat' dir='ltr'><strong>semel</strong></span> <span class='ocrx_word' id='word_1_38' title='bbox 303 2351 438 2424; x_wconf 89' lang='lat' dir='ltr'><strong>eodem</strong></span> <span class='ocrx_word' id='word_1_39' title='bbox 456 2348 519 2422; x_wconf 90' lang='lat' dir='ltr'><strong>die</strong></span> <span class='ocrx_word' id='word_1_40' title='bbox 536 2348 585 2422; x_wconf 92' lang='lat' dir='ltr'><strong>ab</strong></span> <span class='ocrx_word' id='word_1_41' title='bbox 603 2349 738 2422; x_wconf 92' lang='lat' dir='ltr'><strong>eodem</strong></span> <span class='ocrx_word' id='word_1_42' title='bbox 756 2349 953 2422; x_wconf 88' lang='lat' dir='ltr'><strong>sacerdote</strong></span> <span class='ocrx_word' id='word_1_43' title='bbox 969 2348 1192 2424; x_wconf 81' lang='lat' dir='ltr'><strong>celebretur.</strong></span> <span class='ocrx_word' id='word_1_44' title='bbox 1246 2349 1333 2424; x_wconf 91' lang='lat' dir='ltr'><strong>Hac</strong></span> <span class='ocrx_word' id='word_1_45' title='bbox 1350 2350 1398 2424; x_wconf 93' lang='lat' dir='ltr'><strong>de</strong></span> 
     </span>
     <span class='ocr_line' id='line_1_9' title="bbox 164 2462 1397 2564; baseline 0 -24"><span class='ocrx_word' id='word_1_46' title='bbox 164 2491 207 2541; x_wconf 89' lang='lat' dir='ltr'><strong>re</strong></span> <span class='ocrx_word' id='word_1_47' title='bbox 224 2465 288 2540; x_wconf 85' lang='lat' dir='ltr'><strong>lex</strong></span> <span class='ocrx_word' id='word_1_48' title='bbox 310 2464 483 2564; x_wconf 88' lang='lat' dir='ltr'><strong>primum</strong></span> <span class='ocrx_word' id='word_1_49' title='bbox 507 2463 557 2538; x_wconf 91' lang='lat' dir='ltr'><strong>ab</strong></span> <span class='ocrx_word' id='word_1_50' title='bbox 574 2463 799 2537; x_wconf 84' lang='lat' dir='ltr'><strong>Alexandro</strong></span> <span class='ocrx_word' id='word_1_51' title='bbox 824 2462 881 2538; x_wconf 94' lang='lat' dir='ltr'><strong>II.</strong></span> <span class='ocrx_word' id='word_1_52' title='bbox 899 2463 981 2538; x_wconf 88' lang='lat' dir='ltr'><strong>lata</strong></span> <span class='ocrx_word' id='word_1_53' title='bbox 1001 2462 1109 2562; x_wconf 85' lang='lat' dir='ltr'><strong>(Oan.</strong></span> <span class='ocrx_word' id='word_1_54' title='bbox 1126 2467 1178 2540; x_wconf 80' lang='lat'><strong>53</strong></span> <span class='ocrx_word' id='word_1_55' title='bbox 1203 2467 1252 2540; x_wconf 93' lang='lat' dir='ltr'><strong>de</strong></span> <span class='ocrx_word' id='word_1_56' title='bbox 1272 2464 1397 2558; x_wconf 72' lang='lat' dir='ltr'><strong>(lons,</strong></span> 
     </span>
     <span class='ocr_line' id='line_1_10' title="bbox 164 2577 1398 2680; baseline -0.001 -23"><span class='ocrx_word' id='word_1_57' title='bbox 164 2582 255 2658; x_wconf 89' lang='lat' dir='ltr'><strong>dist.</strong></span> <span class='ocrx_word' id='word_1_58' title='bbox 274 2583 328 2680; x_wconf 88' lang='lat'><strong>1),</strong></span> <span class='ocrx_word' id='word_1_59' title='bbox 343 2582 392 2656; x_wconf 92' lang='lat' dir='ltr'><strong>ab</strong></span> <span class='ocrx_word' id='word_1_60' title='bbox 409 2579 636 2655; x_wconf 83' lang='lat' dir='ltr'><strong>Innocentio</strong></span> <span class='ocrx_word' id='word_1_61' title='bbox 653 2578 732 2654; x_wconf 90' lang='grc' dir='ltr'><strong>ΙΙΙ.</strong></span> <span class='ocrx_word' id='word_1_62' title='bbox 751 2577 859 2678; x_wconf 82' lang='lat' dir='ltr'><strong>(Gap.</strong></span> <span class='ocrx_word' id='word_1_63' title='bbox 877 2581 1115 2679; x_wconf 79' lang='lat' dir='ltr'><strong>Ooasuloisti.)</strong></span> <span class='ocrx_word' id='word_1_64' title='bbox 1136 2588 1324 2656; x_wconf 83' lang='lat' dir='ltr'><strong>renovata</strong></span> <span class='ocrx_word' id='word_1_65' title='bbox 1340 2590 1398 2656; x_wconf 89' lang='lat' dir='ltr'><strong>est</strong></span> 
     </span>
     <span class='ocr_line' id='line_1_11' title="bbox 164 2696 1398 2795; baseline -0.001 -22"><span class='ocrx_word' id='word_1_66' title='bbox 164 2698 269 2773; x_wconf 89' lang='lat' dir='ltr'><strong>hisce</strong></span> <span class='ocrx_word' id='word_1_67' title='bbox 283 2697 428 2773; x_wconf 87' lang='lat' dir='ltr'><strong>verbis:</strong></span> <span class='ocrx_word' id='word_1_68' title='bbox 454 2696 780 2793; x_wconf 86' lang='lat' dir='ltr'><strong>“Respondemus</strong></span> <span class='ocrx_word' id='word_1_69' title='bbox 798 2697 912 2794; x_wconf 91' lang='lat' dir='ltr'><strong>quod,</strong></span> <span class='ocrx_word' id='word_1_70' title='bbox 926 2705 1083 2795; x_wconf 85' lang='lat' dir='ltr'><strong>excepto</strong></span> <span class='ocrx_word' id='word_1_71' title='bbox 1101 2696 1165 2772; x_wconf 93' lang='lat' dir='ltr'><strong>die</strong></span> <span class='ocrx_word' id='word_1_72' title='bbox 1181 2697 1398 2773; x_wconf 87' lang='lat' dir='ltr'><strong>nativitatis</strong></span> 
     </span>
     <span class='ocr_line' id='line_1_12' title="bbox 166 2811 1397 2906; baseline 0 -17"><span class='ocrx_word' id='word_1_73' title='bbox 166 2812 404 2906; x_wconf 89' lang='lat' dir='ltr'><strong>Dominicae‚</strong></span> <span class='ocrx_word' id='word_1_74' title='bbox 423 2812 499 2886; x_wconf 88' lang='lat' dir='ltr'><strong>nisi</strong></span> <span class='ocrx_word' id='word_1_75' title='bbox 522 2836 638 2886; x_wconf 90' lang='lat' dir='ltr'><strong>causa</strong></span> <span class='ocrx_word' id='word_1_76' title='bbox 661 2811 900 2886; x_wconf 79' lang='lat' dir='ltr'><strong>necessitatis</strong></span> <span class='ocrx_word' id='word_1_77' title='bbox 923 2815 1095 2904; x_wconf 87' lang='lat' dir='ltr'><strong>suadeat,</strong></span> <span class='ocrx_word' id='word_1_78' title='bbox 1113 2813 1255 2888; x_wconf 91' lang='lat' dir='ltr'><strong>sufficit</strong></span> <span class='ocrx_word' id='word_1_79' title='bbox 1275 2838 1397 2889; x_wconf 90' lang='lat' dir='ltr'><strong>sacer·</strong></span> 
     </span>
     <span class='ocr_line' id='line_1_13' title="bbox 165 2927 1347 3006; baseline -0.001 -1"><span class='ocrx_word' id='word_1_80' title='bbox 165 2929 247 3005; x_wconf 90' lang='lat' dir='ltr'><strong>doti</strong></span> <span class='ocrx_word' id='word_1_81' title='bbox 264 2930 384 3005; x_wconf 88' lang='lat' dir='ltr'><strong>semel</strong></span> <span class='ocrx_word' id='word_1_82' title='bbox 402 2928 443 3003; x_wconf 90' lang='lat' dir='ltr'><strong>in</strong></span> <span class='ocrx_word' id='word_1_83' title='bbox 462 2927 526 3004; x_wconf 89' lang='lat' dir='ltr'><strong>die</strong></span> <span class='ocrx_word' id='word_1_84' title='bbox 543 2953 662 3002; x_wconf 91' lang='lat' dir='ltr'><strong>unam</strong></span> <span class='ocrx_word' id='word_1_85' title='bbox 679 2927 839 3001; x_wconf 91' lang='lat' dir='ltr'><strong>missam</strong></span> <span class='ocrx_word' id='word_1_86' title='bbox 857 2927 1101 3003; x_wconf 90' lang='lat' dir='ltr'><strong>solummodo</strong></span> <span class='ocrx_word' id='word_1_87' title='bbox 1118 2930 1347 3006; x_wconf 88' lang='lat' dir='ltr'><strong>celebrare.&#39;’</strong></span> 
     </span>
    </p>

    <p class='ocr_par' dir='ltr' id='par_1_6' title="bbox 163 3043 1398 3841">
     <span class='ocr_line' id='line_1_14' title="bbox 215 3043 1398 3144; baseline 0 -22"><span class='ocrx_word' id='word_1_88' title='bbox 215 3047 301 3122; x_wconf 89' lang='lat'>101.</span> <span class='ocrx_word' id='word_1_89' title='bbox 327 3046 420 3144; x_wconf 93' lang='lat' dir='ltr'><strong>Ipso</strong></span> <span class='ocrx_word' id='word_1_90' title='bbox 432 3044 522 3143; x_wconf 89' lang='lat' dir='ltr'><strong>jure</strong></span> <span class='ocrx_word' id='word_1_91' title='bbox 540 3043 735 3119; x_wconf 91' lang='lat' dir='ltr'><strong>communi</strong></span> <span class='ocrx_word' id='word_1_92' title='bbox 754 3045 851 3118; x_wconf 88' lang='lat' dir='ltr'><strong>duas</strong></span> <span class='ocrx_word' id='word_1_93' title='bbox 869 3043 953 3119; x_wconf 88' lang='lat' dir='ltr'><strong>dari</strong></span> <span class='ocrx_word' id='word_1_94' title='bbox 971 3045 1215 3142; x_wconf 84' lang='lat' dir='ltr'><strong>exceptiones</strong></span> <span class='ocrx_word' id='word_1_95' title='bbox 1232 3071 1254 3121; x_wconf 91' lang='lat' dir='ltr'><strong>e</strong></span> <span class='ocrx_word' id='word_1_96' title='bbox 1270 3046 1398 3122; x_wconf 89' lang='lat' dir='ltr'><strong>citatis</strong></span> 
     </span>
     <span class='ocr_line' id='line_1_15' title="bbox 163 3158 1397 3259; baseline 0 -22"><span class='ocrx_word' id='word_1_97' title='bbox 163 3162 294 3237; x_wconf 85' lang='lat' dir='ltr'><strong>verbis</strong></span> <span class='ocrx_word' id='word_1_98' title='bbox 317 3162 419 3237; x_wconf 89' lang='lat' dir='ltr'><strong>clare</strong></span> <span class='ocrx_word' id='word_1_99' title='bbox 441 3167 602 3235; x_wconf 89' lang='lat' dir='ltr'><strong>constat.</strong></span> <span class='ocrx_word' id='word_1_100' title='bbox 656 3158 791 3234; x_wconf 85' lang='lat' dir='ltr'><strong>Prima</strong></span> <span class='ocrx_word' id='word_1_101' title='bbox 813 3167 882 3253; x_wconf 90' lang='lat' dir='ltr'><strong>est,</strong></span> <span class='ocrx_word' id='word_1_102' title='bbox 900 3186 979 3259; x_wconf 90' lang='lat' dir='ltr'><strong>qua</strong></span> <span class='ocrx_word' id='word_1_103' title='bbox 995 3161 1257 3237; x_wconf 88' lang='lat' dir='ltr'><strong>sacerdotibus</strong></span> <span class='ocrx_word' id='word_1_104' title='bbox 1274 3163 1397 3237; x_wconf 91' lang='lat' dir='ltr'><strong>omni·</strong></span> 
     </span>
     <span class='ocr_line' id='line_1_16' title="bbox 163 3274 1395 3377; baseline -0.001 -22"><span class='ocrx_word' id='word_1_105' title='bbox 163 3280 236 3355; x_wconf 91' lang='lat' dir='ltr'><strong>bus</strong></span> <span class='ocrx_word' id='word_1_106' title='bbox 254 3303 377 3377; x_wconf 92' lang='lat' dir='ltr'><strong>usque</strong></span> <span class='ocrx_word' id='word_1_107' title='bbox 389 3285 449 3352; x_wconf 87' lang='lat' dir='ltr'><strong>ter</strong></span> <span class='ocrx_word' id='word_1_108' title='bbox 465 3275 579 3352; x_wconf 87' lang='lat' dir='ltr'><strong>litare</strong></span> <span class='ocrx_word' id='word_1_109' title='bbox 596 3275 686 3351; x_wconf 90' lang='lat' dir='ltr'><strong>licet</strong></span> <span class='ocrx_word' id='word_1_110' title='bbox 698 3275 739 3350; x_wconf 91' lang='lat' dir='ltr'><strong>in</strong></span> <span class='ocrx_word' id='word_1_111' title='bbox 754 3275 818 3352; x_wconf 91' lang='lat' dir='ltr'><strong>die</strong></span> <span class='ocrx_word' id='word_1_112' title='bbox 831 3274 1048 3352; x_wconf 90' lang='lat' dir='ltr'><strong>nativitatis</strong></span> <span class='ocrx_word' id='word_1_113' title='bbox 1063 3277 1238 3371; x_wconf 90' lang='lat' dir='ltr'><strong>Domini;</strong></span> <span class='ocrx_word' id='word_1_114' title='bbox 1262 3279 1395 3373; x_wconf 87' lang='lat' dir='ltr'><strong>altera,</strong></span> 
     </span>
     <span class='ocr_line' id='line_1_17' title="bbox 164 3392 1396 3494; baseline -0.001 -24"><span class='ocrx_word' id='word_1_115' title='bbox 164 3419 236 3494; x_wconf 90' lang='lat' dir='ltr'><strong>pro</strong></span> <span class='ocrx_word' id='word_1_116' title='bbox 261 3394 413 3469; x_wconf 90' lang='lat' dir='ltr'><strong>duabus</strong></span> <span class='ocrx_word' id='word_1_117' title='bbox 437 3399 603 3484; x_wconf 90' lang='lat' dir='ltr'><strong>tantum,</strong></span> <span class='ocrx_word' id='word_1_118' title='bbox 627 3416 841 3491; x_wconf 85' lang='lat' dir='ltr'><strong>numquam</strong></span> <span class='ocrx_word' id='word_1_119' title='bbox 866 3416 939 3490; x_wconf 93' lang='lat' dir='ltr'><strong>pro</strong></span> <span class='ocrx_word' id='word_1_120' title='bbox 963 3392 1143 3491; x_wconf 87' lang='lat' dir='ltr'><strong>pluribus</strong></span> <span class='ocrx_word' id='word_1_121' title='bbox 1168 3394 1310 3488; x_wconf 84' lang='lat' dir='ltr'><strong>missis,</strong></span> <span class='ocrx_word' id='word_1_122' title='bbox 1335 3402 1396 3470; x_wconf 91' lang='lat' dir='ltr'><strong>est</strong></span> 
     </span>
     <span class='ocr_line' id='line_1_18' title="bbox 164 3507 1396 3607; baseline 0 -21"><span class='ocrx_word' id='word_1_123' title='bbox 164 3535 275 3586; x_wconf 88' lang='lat' dir='ltr'><strong>casus</strong></span> <span class='ocrx_word' id='word_1_124' title='bbox 298 3508 547 3600; x_wconf 83' lang='lat' dir='ltr'><strong>necessitatis,</strong></span> <span class='ocrx_word' id='word_1_125' title='bbox 565 3533 675 3607; x_wconf 90' lang='lat' dir='ltr'><strong>quae,</strong></span> <span class='ocrx_word' id='word_1_126' title='bbox 693 3507 752 3583; x_wconf 90' lang='lat' dir='ltr'><strong>uti</strong></span> <span class='ocrx_word' id='word_1_127' title='bbox 775 3534 862 3583; x_wconf 89' lang='lat' dir='ltr'><strong>eam</strong></span> <span class='ocrx_word' id='word_1_128' title='bbox 879 3509 1047 3607; x_wconf 84' lang='lat' dir='ltr'><strong>explicat</strong></span> <span class='ocrx_word' id='word_1_129' title='bbox 1068 3510 1274 3585; x_wconf 88' lang='lat' dir='ltr'><strong>canonicus</strong></span> <span class='ocrx_word' id='word_1_130' title='bbox 1292 3536 1396 3604; x_wconf 91' lang='lat' dir='ltr'><strong>usus,</strong></span> 
     </span>
     <span class='ocr_line' id='line_1_19' title="bbox 164 3624 1397 3724; baseline 0 -22"><span class='ocrx_word' id='word_1_131' title='bbox 164 3634 342 3703; x_wconf 86' lang='lat' dir='ltr'><strong>censetur</strong></span> <span class='ocrx_word' id='word_1_132' title='bbox 359 3628 493 3701; x_wconf 88' lang='lat' dir='ltr'><strong>adesse</strong></span> <span class='ocrx_word' id='word_1_133' title='bbox 509 3650 580 3724; x_wconf 91' lang='lat' dir='ltr'><strong>pro</strong></span> <span class='ocrx_word' id='word_1_134' title='bbox 594 3625 791 3700; x_wconf 88' lang='lat' dir='ltr'><strong>sacerdote</strong></span> <span class='ocrx_word' id='word_1_135' title='bbox 804 3624 900 3723; x_wconf 92' lang='lat' dir='ltr'><strong>“qui</strong></span> <span class='ocrx_word' id='word_1_136' title='bbox 917 3627 1014 3700; x_wconf 90' lang='lat' dir='ltr'><strong>duas</strong></span> <span class='ocrx_word' id='word_1_137' title='bbox 1031 3625 1235 3724; x_wconf 89' lang='lat' dir='ltr'><strong>parochias</strong></span> <span class='ocrx_word' id='word_1_138' title='bbox 1248 3627 1397 3703; x_wconf 87' lang='lat' dir='ltr'><strong>obtinet</strong></span> 
     </span>
     <span class='ocr_line' id='line_1_20' title="bbox 164 3741 1397 3841; baseline -0.001 -24"><span class='ocrx_word' id='word_1_139' title='bbox 164 3743 227 3819; x_wconf 86' lang='lat' dir='ltr'><strong>vel</strong></span> <span class='ocrx_word' id='word_1_140' title='bbox 245 3746 343 3819; x_wconf 88' lang='lat' dir='ltr'><strong>duos</strong></span> <span class='ocrx_word' id='word_1_141' title='bbox 360 3742 527 3841; x_wconf 90' lang='lat' dir='ltr'><strong>populos</strong></span> <span class='ocrx_word' id='word_1_142' title='bbox 544 3743 640 3816; x_wconf 90' lang='lat' dir='ltr'><strong>adeo</strong></span> <span class='ocrx_word' id='word_1_143' title='bbox 657 3741 850 3838; x_wconf 90' lang='lat' dir='ltr'><strong>sejunctos</strong></span> <span class='ocrx_word' id='word_1_144' title='bbox 866 3748 912 3816; x_wconf 89' lang='lat' dir='ltr'><strong>nt</strong></span> <span class='ocrx_word' id='word_1_145' title='bbox 926 3741 1027 3816; x_wconf 89' lang='lat' dir='ltr'><strong>alter</strong></span> <span class='ocrx_word' id='word_1_146' title='bbox 1038 3741 1213 3840; x_wconf 88' lang='lat' dir='ltr'><strong>ipsorum</strong></span> <span class='ocrx_word' id='word_1_147' title='bbox 1229 3744 1397 3841; x_wconf 90' lang='lat' dir='ltr'><strong>parocho</strong></span> 
     </span>
    </p>
   </div>
   <div class='ocr_carea' id='block_1_6' title="bbox 164 3856 1532 3958">
    <p class='ocr_par' dir='ltr' id='par_1_7' title="bbox 164 3856 1532 3958">
     <span class='ocr_line' id='line_1_21' title="bbox 164 3856 1532 3958; baseline -0.001 -22"><span class='ocrx_word' id='word_1_148' title='bbox 164 3856 376 3936; x_wconf 77' lang='lat' dir='ltr'><strong>celebranti</strong></span> <span class='ocrx_word' id='word_1_149' title='bbox 405 3882 477 3956; x_wconf 88' lang='lat' dir='ltr'><strong>per</strong></span> <span class='ocrx_word' id='word_1_150' title='bbox 505 3856 588 3932; x_wconf 89' lang='lat' dir='ltr'><strong>dies</strong></span> <span class='ocrx_word' id='word_1_151' title='bbox 618 3857 735 3931; x_wconf 81' lang='lat' dir='ltr'><strong>festos</strong></span> <span class='ocrx_word' id='word_1_152' title='bbox 760 3859 896 3932; x_wconf 88' lang='lat' dir='ltr'><strong>adesse</strong></span> <span class='ocrx_word' id='word_1_153' title='bbox 925 3857 1034 3934; x_wconf 92' lang='lat' dir='ltr'><strong>nullo</strong></span> <span class='ocrx_word' id='word_1_154' title='bbox 1060 3859 1176 3934; x_wconf 93' lang='lat' dir='ltr'><strong>modo</strong></span> <span class='ocrx_word' id='word_1_155' title='bbox 1202 3858 1326 3958; x_wconf 90' lang='lat' dir='ltr'><strong>possit</strong></span> <span class='ocrx_word' id='word_1_156' title='bbox 1348 3859 1399 3934; x_wconf 92' lang='lat' dir='ltr'><strong>ob</strong></span> <span class='ocrx_word' id='word_1_157' title='bbox 1528 3935 1532 3943; x_wconf 81' lang='grc'><strong>,</strong></span> 
     </span>
    </p>
   </div>
   <div class='ocr_carea' id='block_1_7' title="bbox 165 3971 1398 4537">
    <p class='ocr_par' dir='ltr' id='par_1_8' title="bbox 165 3971 1398 4537">
     <span class='ocr_line' id='line_1_22' title="bbox 165 3971 1398 4072; baseline 0 -22"><span class='ocrx_word' id='word_1_158' title='bbox 165 3975 338 4051; x_wconf 88' lang='lat' dir='ltr'><strong>locorum</strong></span> <span class='ocrx_word' id='word_1_159' title='bbox 356 3973 568 4049; x_wconf 80' lang='lat' dir='ltr'><strong>maximam</strong></span> <span class='ocrx_word' id='word_1_160' title='bbox 585 3971 848 4065; x_wconf 87' lang='lat' dir='ltr'><strong>distantiam‚”</strong></span> <span class='ocrx_word' id='word_1_161' title='bbox 866 3973 929 4048; x_wconf 90' lang='lat' dir='ltr'><strong>vel</strong></span> <span class='ocrx_word' id='word_1_162' title='bbox 948 3975 1132 4072; x_wconf 89' lang='lat' dir='ltr'><strong>“quando</strong></span> <span class='ocrx_word' id='word_1_163' title='bbox 1149 3999 1228 4050; x_wconf 92' lang='lat' dir='ltr'><strong>una</strong></span> <span class='ocrx_word' id='word_1_164' title='bbox 1244 3981 1398 4050; x_wconf 89' lang='lat' dir='ltr'><strong>tantum</strong></span> 
     </span>
     <span class='ocr_line' id='line_1_23' title="bbox 165 4088 1398 4189; baseline 0 -22"><span class='ocrx_word' id='word_1_165' title='bbox 165 4090 218 4167; x_wconf 89' lang='lat' dir='ltr'><strong>sit</strong></span> <span class='ocrx_word' id='word_1_166' title='bbox 244 4090 405 4167; x_wconf 89' lang='lat' dir='ltr'><strong>ecclesia</strong></span> <span class='ocrx_word' id='word_1_167' title='bbox 433 4089 474 4164; x_wconf 91' lang='lat' dir='ltr'><strong>in</strong></span> <span class='ocrx_word' id='word_1_168' title='bbox 504 4114 582 4189; x_wconf 91' lang='lat' dir='ltr'><strong>qua</strong></span> <span class='ocrx_word' id='word_1_169' title='bbox 609 4088 731 4163; x_wconf 89' lang='lat' dir='ltr'><strong>missa</strong></span> <span class='ocrx_word' id='word_1_170' title='bbox 759 4089 985 4180; x_wconf 88' lang='lat' dir='ltr'><strong>celebratur,</strong></span> <span class='ocrx_word' id='word_1_171' title='bbox 1013 4090 1066 4165; x_wconf 90' lang='lat' dir='ltr'><strong>ad</strong></span> <span class='ocrx_word' id='word_1_172' title='bbox 1093 4115 1212 4188; x_wconf 90' lang='lat' dir='ltr'><strong>quam</strong></span> <span class='ocrx_word' id='word_1_173' title='bbox 1237 4090 1398 4167; x_wconf 89' lang='lat' dir='ltr'><strong>insimul</strong></span> 
     </span>
     <span class='ocr_line' id='line_1_24' title="bbox 167 4203 1398 4305; baseline 0 -23"><span class='ocrx_word' id='word_1_174' title='bbox 167 4208 371 4282; x_wconf 81' lang='lat' dir='ltr'><strong>universus</strong></span> <span class='ocrx_word' id='word_1_175' title='bbox 387 4205 557 4304; x_wconf 92' lang='lat' dir='ltr'><strong>populus</strong></span> <span class='ocrx_word' id='word_1_176' title='bbox 573 4203 780 4280; x_wconf 84' lang='lat' dir='ltr'><strong>convenire</strong></span> <span class='ocrx_word' id='word_1_177' title='bbox 793 4229 871 4280; x_wconf 93' lang='lat' dir='ltr'><strong>non</strong></span> <span class='ocrx_word' id='word_1_178' title='bbox 887 4205 1051 4304; x_wconf 87' lang='lat' dir='ltr'><strong>potest.”</strong></span> <span class='ocrx_word' id='word_1_179' title='bbox 1107 4205 1268 4305; x_wconf 86' lang='lat' dir='ltr'><strong>(Bened.</strong></span> <span class='ocrx_word' id='word_1_180' title='bbox 1282 4205 1398 4283; x_wconf 91' lang='lat' dir='ltr'>XIV.</span> 
     </span>
     <span class='ocr_line' id='line_1_25' title="bbox 167 4320 1398 4420; baseline 0 -23"><span class='ocrx_word' id='word_1_181' title='bbox 167 4322 296 4397; x_wconf 86' lang='lat' dir='ltr'><strong>Const.</strong></span> <span class='ocrx_word' id='word_1_182' title='bbox 327 4323 532 4397; x_wconf 81' lang='lat' dir='ltr'><strong>Declarasti</strong></span> <span class='ocrx_word' id='word_1_183' title='bbox 563 4322 703 4419; x_wconf 82' lang='lat' dir='ltr'><strong>nodis.¹)</strong></span> <span class='ocrx_word' id='word_1_184' title='bbox 771 4320 946 4420; x_wconf 81' lang='lat' dir='ltr'><strong>Cumque</strong></span> <span class='ocrx_word' id='word_1_185' title='bbox 978 4320 1127 4397; x_wconf 89' lang='lat' dir='ltr'><strong>similes</strong></span> <span class='ocrx_word' id='word_1_186' title='bbox 1160 4322 1398 4398; x_wconf 87' lang='lat' dir='ltr'><strong>necessitatis</strong></span> 
     </span>
     <span class='ocr_line' id='line_1_26' title="bbox 167 4436 1397 4537; baseline -0.002 -23"><span class='ocrx_word' id='word_1_187' title='bbox 167 4463 303 4514; x_wconf 88' lang='lat' dir='ltr'><strong>causae</strong></span> <span class='ocrx_word' id='word_1_188' title='bbox 337 4447 496 4537; x_wconf 88' lang='lat' dir='ltr'><strong>propter</strong></span> <span class='ocrx_word' id='word_1_189' title='bbox 530 4438 773 4512; x_wconf 89' lang='lat' dir='ltr'><strong>sacerdotum</strong></span> <span class='ocrx_word' id='word_1_190' title='bbox 807 4436 1008 4512; x_wconf 87' lang='lat' dir='ltr'><strong>raritatem</strong></span> <span class='ocrx_word' id='word_1_191' title='bbox 1043 4445 1082 4513; x_wconf 89' lang='lat' dir='ltr'><strong>et</strong></span> <span class='ocrx_word' id='word_1_192' title='bbox 1115 4438 1286 4512; x_wconf 90' lang='lat' dir='ltr'><strong>locorum</strong></span> <span class='ocrx_word' id='word_1_193' title='bbox 1321 4438 1397 4512; x_wconf 91' lang='lat' dir='ltr'><strong>dis·</strong></span> 
     </span>
    </p>
   </div>
   <div class='ocr_carea' id='block_1_8' title="bbox 201 4603 1269 4736">
    <p class='ocr_par' dir='ltr' id='par_1_9' title="bbox 201 4603 1269 4736">
     <span class='ocr_line' id='line_1_27' title="bbox 201 4603 1269 4736; baseline -0.005 -79"><span class='ocrx_word' id='word_1_194' title='bbox 201 4603 265 4673; x_wconf 73' lang='grc' dir='ltr'><strong>Ἀρ.</strong></span> <span class='ocrx_word' id='word_1_195' title='bbox 276 4604 376 4670; x_wconf 73' lang='lat' dir='ltr'><strong>Iaoeidi,</strong></span> <span class='ocrx_word' id='word_1_196' title='bbox 389 4603 407 4655; x_wconf 94' lang='lat' dir='ltr'><strong>l.</strong></span> <span class='ocrx_word' id='word_1_197' title='bbox 418 4621 449 4669; x_wconf 79' lang='lat' dir='ltr'><strong>u,</strong></span> <span class='ocrx_word' id='word_1_198' title='bbox 463 4621 488 4671; x_wconf 91' lang='lat' dir='ltr'><strong>p.</strong></span> <span class='ocrx_word' id='word_1_199' title='bbox 499 4605 557 4656; x_wconf 85' lang='grc'><strong>359.</strong></span> <span class='ocrx_word' id='word_1_200' title='bbox 1226 4675 1269 4736; x_wconf 68' lang='grc'><strong>53</strong></span> 
     </span>
    </p>
   </div>
   <div class='ocr_carea' id='block_1_9' title="bbox 0 0 1579 5242">
    <p class='ocr_par' dir='ltr' id='par_1_10' title="bbox 0 0 1579 5242">
     <span class='ocr_line' id='line_1_28' title="bbox 0 0 1579 5242; baseline 0 0"><span class='ocrx_word' id='word_1_201' title='bbox 0 0 1579 5242; x_wconf 95' lang='lat' dir='ltr'><strong> </strong></span> 
     </span>
    </p>
   </div>
  </div>
 </body>
</html>
