3142 5242
443 479 497 525 nu
524 479 813 555 v1s1rar1ons
841 479 895 528 ss.
924 480 1137 528 urrunnu.
1346 468 1408 531 199

213 638 243 702 6.
274 635 426 722 Idipsum
440 637 473 702 S.
485 636 562 702 haec
576 636 790 724 Congregatio
805 636 845 702 de
859 636 958 723 Prop.
971 635 1054 702 Fide
1068 660 1120 704 an.
1137 639 1223 703 1802
1240 637 1408 725 Episcopis

167 739 347 804 Hiberniae
359 739 564 822 enunciavit3
585 748 683 806 etan.
700 743 785 831 1865
800 740 928 805 cuidam
945 762 988 805 ex
1002 740 1261 828 Archiepiscopis
1277 741 1408 807 Ameri-

167 865 221 907 ωε
235 843 430 909 Foederatae
443 844 601 910 scribebat
620 844 790 910 “triennia
803 853 861 910 ete.
877 844 1029 910 decennia
1042 844 1089 909 ita
1102 867 1170 910 esse
1182 845 1406 932 computanda,

167 956 206 1012 ut
219 948 313 1012 initio
326 958 456 1035 sumpto
470 972 490 1014 a
503 948 567 1032 die,
581 972 646 1035 quo
668 948 829 1035 praedicta
851 948 1047 1016 Constitutio
1061 948 1148 1013 edita
1161 948 1235 1032 suit,
1250 949 1406 1015 nimirum

166 1072 187 1115 a
207 1051 261 1116 dic
283 1053 326 1117 20
348 1052 534 1117 Decembris
558 1055 653 1136 1585,
675 1061 829 1139 perpetuo
850 1062 882 1118 et
902 1053 972 1118 sine
1000 1051 1065 1117 alia
1093 1050 1327 1138 interruptione
1347 1076 1407 1140 pro

166 1156 317 1221 omnibus
331 1156 562 1222 successoribus
577 1155 965 1244 Episcopis'decurrantl'

212 1259 243 1326 7.
273 1261 323 1326 At
344 1283 447 1347 nuper
467 1261 682 1327 controversia
703 1269 790 1327 mota
811 1270 868 1344 est,
883 1283 928 1326 aa
942 1261 1033 1326 etium
1048 1284 1112 1348 pro
1133 1261 1256 1326 aedibus
1276 1268 1408 1326 recorder
1476 1266 1479 1272 ’

166 1365 270 1428 motis
295 1370 413 1450 tempus
434 1364 625 1429 mistionis
647 1387 757 1429 aanor
782 1365 1022 1452 computandum
1044 1366 1084 1430 sit
1107 1387 1129 1430 u
1154 1365 1205 1430 die
1220 1365 1407 1452 prtblicutio-

166 1468 217 1532 nis
236 1468 336 1535 Ocast.
358 1468 508 1535 Statinae.
541 1469 623 1545 ‚Nec
643 1468 748 1534 defuit
768 1469 853 1534 inter
872 1468 1060 1534 recentiores
1081 1491 1242 1534 canonum
1254 1468 1402 1535 doctores

167 1572 224 1658 qui
245 1572 455 1637 arbitraretur
476 1573 624 1656 triennia,
638 1572 842 1660 quatriennia
862 1581 920 1638 ete.
944 1571 1032 1660 quod
1053 1571 1095 1637 ad
1116 1572 1271 1638 dioeceses
1291 1572 1407 1638 attinet

167 1683 240 1761 post
260 1676 390 1741 Sixtum
405 1677 453 1744 V.
469 1685 596 1761 erectas,
610 1676 826 1762 computanda
846 1699 913 1742 esse
933 1699 954 1742 a
973 1675 1036 1760 dic,
1051 1698 1117 1765 quo
1138 1675 1263 1763 primus
1280 1675 1407 1741 noviter

166 1788 286 1845 erectae
299 1779 447 1846 dioecesis
461 1780 641 1866 Episcopus
655 1779 963 1847 administrationem
978 1781 1126 1867 suscepit.

212 1888 242 1949 8.
277 1883 340 1949 Sed
365 1884 459 1949 nulla
482 1885 623 1971 suppetit
652 1885 745 1968 ratio,
767 1908 825 1950 cur
850 1884 1003 1972 Episcopi
1032 1908 1192 1951 novarum
1216 1883 1407 1951 dioecesium

166 1987 263 2052 aliam
297 2010 316 2053 a
349 1988 459 2053 ceteris
487 1988 676 2054 dimetiendi
704 1997 889 2075 temporum
917 1988 1021 2075 spatia
1049 2011 1109 2076 pro
1139 1988 1337 2057 Visitatione
1365 2011 1405 2055 ss.

168 2091 338 2157 Liminum
358 2093 514 2158 rationem
534 2102 713 2176 sectentur3
742 2093 805 2179 ipsi
826 2093 913 2159 enim
932 2114 1059 2180 quoque
1078 2091 1224 2158 Sixtinae
1243 2092 1407 2185 Constitu-

166 2195 259 2279 tioni,
289 2196 372 2261 sicut
401 2196 436 2261 in
465 2196 538 2261 aliis
566 2195 831 2283 dispositionibus
860 2219 940 2284 quas
968 2196 1119 2279 continet,
1149 2196 1194 2260 ita
1223 2205 1255 2261 ct
1283 2196 1318 2260 in
1347 2195 1408 2262 hac
1484 2272 1491 2282 ‚

166 2298 336 2363 adhaerere
357 2299 483 2365 debent.
543 2299 702 2379 Quocirca
726 2299 908 2386 propositae
929 2322 1007 2365 mox
1021 2298 1199 2386 quaestioni
1225 2299 1313 2365 Emi.
1337 2298 1405 2364 ΡΡ.

166 2401 263 2468 huius
292 2427 317 2469 s.
344 2403 483 2470 Consilii
512 2402 547 2469 in
573 2403 776 2491 generalibus
801 2403 950 2470 Comitiis
975 2404 1039 2468 dici
1065 2406 1086 2469 3
1113 2402 1196 2468 Maii
1224 2405 1309 2469 1875
1334 2412 1407 2490 post

166 2518 326 2573 maturam
340 2507 601 2574 deliberationem
615 2507 835 2591 decreverunt,
850 2507 1106 2594 respondendum
1126 2529 1193 2572 esse
1207 2507 1406 2592 Affimative,

79 2646 84 2655 ·
165 2609 322 2675 nimirum
336 2612 433 2676 etiam
447 2611 489 2677 ab
504 2611 683 2698 Episcopis,
697 2610 755 2698 qui
769 2609 897 2677 sedibus
917 2618 1057 2675 recenter
1071 2609 1228 2675 institutis
1242 2618 1404 2696 praesunt,

165 2715 340 2801 praefatam
355 2715 500 2802 regulam
513 2738 579 2781 csse
592 2715 800 2782 retinendam.

211 2821 242 2885 9.
272 2820 365 2899 Quae
383 2844 457 2886 curn
478 2820 524 2885 ita
542 2820 619 2903 sint,
633 2842 708 2885 curn
726 2819 887 2907 quispiam
908 2818 948 2885 ad
971 2819 1181 2907 episcopalem
1196 2819 1320 2902 sedem,
1335 2820 1405 2884 sive

164 2945 207 2988 ex
221 2923 383 2990 veteribus
403 2925 474 2990 sive
494 2946 536 2989 cx
557 2923 661 3007 novis,
676 2925 835 3008 evehitur,
849 2923 934 2989 diem
958 2947 1023 3011 quo
1039 2924 1093 2989 lex
1107 2923 1193 2988 Sixti
1208 2924 1256 2992 V.
1272 2923 1403 3010 prodiit,

165 3050 242 3114 prae
262 3026 365 3093 oculis
386 3027 520 3111 habeat,
542 3036 574 3093 et
595 3027 634 3112 si,
648 3028 809 3115 praefiniti
830 3027 985 3114 temporis
1007 3026 1081 3092 inde
1103 3025 1258 3113 incipiens
1271 3049 1404 3113 compu-

165 3132 329 3215 tationem,
343 3132 472 3197 noverit
491 3132 561 3197 eius
582 3132 850 3218 praedecessorem
872 3140 1018 3198 vertente
1039 3130 1188 3214 triennio,
1203 3129 1405 3218 quatriennio

165 3245 223 3302 etc.
238 3236 328 3301 oneri
342 3259 383 3303 ss.
400 3235 568 3301 Liminum
583 3235 791 3304 Visitationis
812 3234 900 3300 haud
918 3234 1027 3300 fecisse
1040 3236 1127 3318 satis,
1143 3236 1221 3300 sciat
1235 3235 1350 3321 ipsese
1363 3233 1403 3299 ad

165 3362 235 3404 eam
256 3339 486 3406 absolvendam
506 3338 675 3426 adstringi.
722 3339 851 3405 Iuverit
866 3339 984 3404 iterum
998 3338 1111 3404 audire
1128 3339 1331 3425 Fagnanum,
1347 3338 1417 3425 qui·

165 3442 287 3509 scribit¹
317 3447 390 3509 “ex
418 3444 612 3531 praescripto
641 3442 739 3529 hujus
768 3443 1016 3511 constitutionis
1044 3442 1130 3508 Sixti
1152 3443 1200 3511 V.
1226 3443 1322 3521 §Ad
1349 3442 1406 3507 loc

165 3555 266 3612 caten
287 3571 385 3616 versu
413 3548 501 3632 Quae
526 3570 566 3613 ae
590 3549 712 3633 loapias
734 3549 919 3635 differantur
943 3558 1001 3614 etc.
1023 3556 1150 3634 tempus
1173 3546 1405 3635 qualecumque

165 3673 335 3717 excursum
356 3651 457 3717 alicui
477 3674 519 3716 ex
542 3651 720 3738 Episcopis,
735 3651 792 3739 qui
813 3651 883 3717 sive
903 3661 1006 3716 morte
1027 3660 1228 3738 praeventus,
1250 3651 1321 3716 sive
1341 3649 1405 3716 alia

164 3776 365 3844 quacumque
378 3755 419 3821 de
432 3779 527 3821 causa
540 3755 582 3820 ob
596 3778 661 3820 non
683 3755 812 3820 finitum
833 3764 961 3841 tempus
974 3754 1002 3819 ei
1018 3755 1249 3842 praescriptum
1271 3753 1404 3819 Limina

165 3882 231 3925 non
252 3857 443 3943 visitaverit,
457 3858 503 3924 ita
523 3857 663 3946 intelligi
684 3857 844 3924 effluxisse
864 3868 897 3924 et
918 3859 1093 3924 excurrisse
1113 3857 1203 3923 illius
1223 3855 1403 3942 successori,

165 3971 212 4046 ut,
233 3963 373 4029 termino
401 3963 482 4048 ipso,
505 3962 598 4029 iuxta
626 3963 872 4050 praedecessoris
900 3962 952 4028 sui
982 3961 1204 4027 iusiurandum
1234 3961 1419 4050 completo,

164 4065 306 4133 debitam
335 4066 552 4135 visitationem
589 4068 741 4132 conficere
767 4076 923 4133 teneatur.
979 4053 1077 4146 Quae
1105 4067 1204 4133 verba
1232 4089 1298 4131 non
1328 4088 1403 4130 eum

165 4169 283 4236 habent
296 4194 435 4254 sensum,
450 4179 489 4235 ut
504 4170 682 4257 Episcopus
703 4193 861 4236 successor
874 4179 1020 4236 teneatur
1035 4170 1165 4236 visitare
1178 4192 1238 4256 pro
1252 4169 1403 4235 omnibus

164 4274 312 4340 trienniis
333 4285 403 4357 eta,
418 4297 478 4361 pro
499 4274 617 4362 quibus
637 4275 707 4340 eius
728 4273 945 4361 praedecessor
967 4297 1032 4339 non
1047 4275 1194 4340 visitavit
1216 4323 1225 4341 .
1249 4322 1258 4340 .
1282 4322 1290 4340 .
1314 4323 1324 4356 ,
1346 4271 1401 4337 sed

165 4377 223 4444 illa
236 4379 336 4444 verba
357 4379 403 4443 ita
423 4388 501 4443 sunt
520 4378 712 4464 accipienda,
727 4387 766 4444 ut
788 4378 967 4465 Episcopus
984 4402 1086 4465 nuper
1099 4389 1308 4462 consecratus,
1323 4377 1350 4442 si
1365 4400 1402 4442 eo

166 4481 303 4549 triennio
317 4493 387 4565 etc,
398 4480 486 4570 quod
501 4504 538 4547 eo
552 4491 694 4567 tempore
704 4480 815 4565 currit,
826 4480 894 4546 cius
908 4481 1126 4568 praedecessor
1135 4504 1200 4546 non
1212 4480 1401 4567 visitaverit,

200 4633 208 4667 ¹
218 4635 279 4688 loc.
290 4635 334 4688 cit.
346 4654 373 4689 n.
384 4637 425 4688 46.

1285 4774 1304 4820 θ
