<?xml version="1.0" encoding="UTF-8"?>
<!DOCTYPE html PUBLIC "-//W3C//DTD XHTML 1.0 Transitional//EN"
    "http://www.w3.org/TR/xhtml1/DTD/xhtml1-transitional.dtd">
<html xmlns="http://www.w3.org/1999/xhtml" xml:lang="en" lang="en">
 <head>
  <title>
</title>
<meta http-equiv="Content-Type" content="text/html;charset=utf-8" />
  <meta name='ocr-system' content='tesseract 3.04.00' />
  <meta name='ocr-capabilities' content='ocr_page ocr_carea ocr_par ocr_line ocrx_word'/>
</head>
<body>
  <div class='ocr_page' id='page_1' title='image "./actaetdecretaco00gibbgoog_0257.png"; bbox 0 0 3142 5242; ppageno 0'>
   <div class='ocr_carea' id='block_1_1' title="bbox 174 453 1211 515">
    <p class='ocr_par' dir='ltr' id='par_1_1' title="bbox 174 453 1211 515">
     <span class='ocr_line' id='line_1_1' title="bbox 174 453 1211 515; baseline 0 -2"><span class='ocrx_word' id='word_1_1' title='bbox 174 453 238 515; x_wconf 77' lang='lat'>140</span> <span class='ocrx_word' id='word_1_2' title='bbox 368 467 551 513; x_wconf 75' lang='lat' dir='ltr'>amenus</span> <span class='ocrx_word' id='word_1_3' title='bbox 576 466 790 513; x_wconf 70' lang='lat' dir='ltr'>vnn-nr,</span> <span class='ocrx_word' id='word_1_4' title='bbox 819 466 926 513; x_wconf 75' lang='lat' dir='ltr'>zeno</span> <span class='ocrx_word' id='word_1_5' title='bbox 954 466 1211 513; x_wconf 75' lang='lat' dir='ltr'>axrunnusr.</span> 
     </span>
    </p>
   </div>
   <div class='ocr_carea' id='block_1_2' title="bbox 159 621 1406 4681">
    <p class='ocr_par' dir='ltr' id='par_1_2' title="bbox 164 621 1406 3051">
     <span class='ocr_line' id='line_1_2' title="bbox 172 621 1406 722; baseline -0.001 -25"><span class='ocrx_word' id='word_1_6' title='bbox 172 625 276 722; x_wconf 90' lang='lat' dir='ltr'>quod</span> <span class='ocrx_word' id='word_1_7' title='bbox 301 623 451 715; x_wconf 81' lang='lat' dir='ltr'><strong>attinet,</strong></span> <span class='ocrx_word' id='word_1_8' title='bbox 478 622 573 722; x_wconf 78' lang='lat' dir='ltr'>&lt;prid</span> <span class='ocrx_word' id='word_1_9' title='bbox 601 648 771 721; x_wconf 89' lang='lat' dir='ltr'>unquam</span> <span class='ocrx_word' id='word_1_10' title='bbox 805 622 931 721; x_wconf 83' lang='lat' dir='ltr'>magis</span> <span class='ocrx_word' id='word_1_11' title='bbox 964 624 1163 697; x_wconf 85' lang='lat' dir='ltr'>funestum</span> <span class='ocrx_word' id='word_1_12' title='bbox 1198 621 1406 721; x_wconf 78' lang='lat' dir='ltr'>excogitari</span> 
     </span>
     <span class='ocr_line' id='line_1_3' title="bbox 171 738 1405 839; baseline 0 -26"><span class='ocrx_word' id='word_1_13' title='bbox 171 745 304 839; x_wconf 89' lang='lat' dir='ltr'>posset</span> <span class='ocrx_word' id='word_1_14' title='bbox 345 741 532 814; x_wconf 88' lang='lat' dir='ltr'>adversus</span> <span class='ocrx_word' id='word_1_15' title='bbox 575 739 696 814; x_wconf 90' lang='lat' dir='ltr'>altam</span> <span class='ocrx_word' id='word_1_16' title='bbox 745 738 976 837; x_wconf 83' lang='lat' dir='ltr'>dignitatem</span> <span class='ocrx_word' id='word_1_17' title='bbox 1018 740 1248 830; x_wconf 78' lang='lat' dir='ltr'>humanam,</span> <span class='ocrx_word' id='word_1_18' title='bbox 1281 746 1405 813; x_wconf 88' lang='lat' dir='ltr'>rectae</span> 
     </span>
     <span class='ocr_line' id='line_1_4' title="bbox 171 854 1406 955; baseline 0.001 -25"><span class='ocrx_word' id='word_1_19' title='bbox 171 855 334 930; x_wconf 90' lang='lat' dir='ltr'>rationis</span> <span class='ocrx_word' id='word_1_20' title='bbox 376 855 597 955; x_wconf 91' lang='lat' dir='ltr'>imperium,</span> <span class='ocrx_word' id='word_1_21' title='bbox 638 856 829 931; x_wconf 92' lang='lat' dir='ltr'>bonorum</span> <span class='ocrx_word' id='word_1_22' title='bbox 872 881 1026 931; x_wconf 90' lang='lat' dir='ltr'>morum</span> <span class='ocrx_word' id='word_1_23' title='bbox 1068 880 1113 930; x_wconf 89' lang='lat' dir='ltr'>ac</span> <span class='ocrx_word' id='word_1_24' title='bbox 1156 854 1406 953; x_wconf 76' lang='lat' dir='ltr'>Reipublicae</span> 
     </span>
     <span class='ocr_line' id='line_1_5' title="bbox 170 971 1403 1071; baseline 0 -24"><span class='ocrx_word' id='word_1_25' title='bbox 170 975 362 1071; x_wconf 83' lang='lat' dir='ltr'>gerendae</span> <span class='ocrx_word' id='word_1_26' title='bbox 396 973 681 1047; x_wconf 75' lang='lat' dir='ltr'>fundamenta?</span> <span class='ocrx_word' id='word_1_27' title='bbox 731 971 808 1062; x_wconf 76' lang='lat' dir='ltr'>Qui</span> <span class='ocrx_word' id='word_1_28' title='bbox 833 971 938 1047; x_wconf 90' lang='lat' dir='ltr'>enim</span> <span class='ocrx_word' id='word_1_29' title='bbox 973 971 1176 1069; x_wconf 87' lang='lat' dir='ltr'>“cooptati</span> <span class='ocrx_word' id='word_1_30' title='bbox 1200 979 1297 1046; x_wconf 90' lang='lat' dir='ltr'>sunt</span> <span class='ocrx_word' id='word_1_31' title='bbox 1321 997 1403 1070; x_wconf 94' lang='lat' dir='ltr'>pro·</span> 
     </span>
     <span class='ocr_line' id='line_1_6' title="bbox 171 1087 1404 1188; baseline 0 -25"><span class='ocrx_word' id='word_1_32' title='bbox 171 1088 332 1164; x_wconf 89' lang='lat' dir='ltr'>mittant</span> <span class='ocrx_word' id='word_1_33' title='bbox 356 1114 400 1163; x_wconf 90' lang='lat' dir='ltr'>ac</span> <span class='ocrx_word' id='word_1_34' title='bbox 425 1088 616 1188; x_wconf 83' lang='lat' dir='ltr'>recipiant</span> <span class='ocrx_word' id='word_1_35' title='bbox 640 1113 794 1164; x_wconf 88' lang='lat' dir='ltr'>necesse</span> <span class='ocrx_word' id='word_1_36' title='bbox 818 1097 888 1181; x_wconf 87' lang='lat' dir='ltr'>est,</span> <span class='ocrx_word' id='word_1_37' title='bbox 906 1088 1068 1164; x_wconf 89' lang='lat' dir='ltr'>ducibus</span> <span class='ocrx_word' id='word_1_38' title='bbox 1085 1114 1129 1163; x_wconf 91' lang='lat' dir='ltr'>ac</span> <span class='ocrx_word' id='word_1_39' title='bbox 1149 1087 1352 1186; x_wconf 81' lang='lat' dir='ltr'>magistris</span> <span class='ocrx_word' id='word_1_40' title='bbox 1366 1114 1404 1162; x_wconf 93' lang='lat' dir='ltr'>se</span> 
     </span>
     <span class='ocr_line' id='line_1_7' title="bbox 171 1203 1401 1304; baseline 0 -25"><span class='ocrx_word' id='word_1_41' title='bbox 171 1204 272 1280; x_wconf 90' lang='lat' dir='ltr'>dicto</span> <span class='ocrx_word' id='word_1_42' title='bbox 299 1205 500 1280; x_wconf 81' lang='lat' dir='ltr'>audientes</span> <span class='ocrx_word' id='word_1_43' title='bbox 524 1206 677 1281; x_wconf 85' lang='lat' dir='ltr'>futuros</span> <span class='ocrx_word' id='word_1_44' title='bbox 701 1230 790 1279; x_wconf 90' lang='lat' dir='ltr'>cum</span> <span class='ocrx_word' id='word_1_45' title='bbox 816 1203 999 1304; x_wconf 88' lang='lat' dir='ltr'>obsequio</span> <span class='ocrx_word' id='word_1_46' title='bbox 1027 1205 1180 1303; x_wconf 88' lang='lat' dir='ltr'>fideque</span> <span class='ocrx_word' id='word_1_47' title='bbox 1213 1204 1401 1295; x_wconf 76' lang='lat' dir='ltr'>maxima3</span> 
     </span>
     <span class='ocr_line' id='line_1_8' title="bbox 170 1320 1403 1421; baseline -0.001 -25"><span class='ocrx_word' id='word_1_48' title='bbox 170 1324 220 1397; x_wconf 90' lang='lat' dir='ltr'>ad</span> <span class='ocrx_word' id='word_1_49' title='bbox 247 1322 460 1421; x_wconf 90' lang='lat' dir='ltr'>quemlibet</span> <span class='ocrx_word' id='word_1_50' title='bbox 484 1347 618 1396; x_wconf 86' lang='lat' dir='ltr'>eorum</span> <span class='ocrx_word' id='word_1_51' title='bbox 646 1330 784 1396; x_wconf 89' lang='lat' dir='ltr'>nutum</span> <span class='ocrx_word' id='word_1_52' title='bbox 819 1320 1216 1420; x_wconf 84' lang='lat' dir='ltr'>significationemque</span> <span class='ocrx_word' id='word_1_53' title='bbox 1251 1328 1403 1420; x_wconf 88' lang='lat' dir='ltr'>paratos</span> 
     </span>
     <span class='ocr_line' id='line_1_9' title="bbox 169 1437 1404 1537; baseline -0.001 -25"><span class='ocrx_word' id='word_1_54' title='bbox 169 1440 363 1537; x_wconf 86' lang='lat' dir='ltr'>imperata</span> <span class='ocrx_word' id='word_1_55' title='bbox 386 1439 576 1530; x_wconf 78' lang='lat' dir='ltr'>faetur0s3</span> <span class='ocrx_word' id='word_1_56' title='bbox 603 1437 637 1512; x_wconf 92' lang='lat' dir='ltr'>si</span> <span class='ocrx_word' id='word_1_57' title='bbox 663 1462 772 1512; x_wconf 89' lang='lat' dir='ltr'>secus</span> <span class='ocrx_word' id='word_1_58' title='bbox 796 1437 968 1530; x_wconf 84' lang='lat' dir='ltr'>fecerint,</span> <span class='ocrx_word' id='word_1_59' title='bbox 985 1444 1070 1513; x_wconf 92' lang='lat' dir='ltr'>tum</span> <span class='ocrx_word' id='word_1_60' title='bbox 1096 1438 1185 1511; x_wconf 91' lang='lat' dir='ltr'>dira</span> <span class='ocrx_word' id='word_1_61' title='bbox 1208 1437 1345 1513; x_wconf 91' lang='lat' dir='ltr'>omnia</span> <span class='ocrx_word' id='word_1_62' title='bbox 1363 1461 1404 1511; x_wconf 88' lang='lat' dir='ltr'>ac</span> 
     </span>
     <span class='ocr_line' id='line_1_10' title="bbox 169 1552 1403 1653; baseline -0.002 -24"><span class='ocrx_word' id='word_1_63' title='bbox 169 1563 335 1630; x_wconf 90' lang='lat' dir='ltr'>mortem</span> <span class='ocrx_word' id='word_1_64' title='bbox 362 1554 488 1653; x_wconf 88' lang='lat' dir='ltr'>ipsam</span> <span class='ocrx_word' id='word_1_65' title='bbox 515 1581 592 1629; x_wconf 92' lang='lat' dir='ltr'>non</span> <span class='ocrx_word' id='word_1_66' title='bbox 618 1580 804 1630; x_wconf 88' lang='lat' dir='ltr'>recusare.</span> <span class='ocrx_word' id='word_1_67' title='bbox 860 1554 1013 1630; x_wconf 82' lang='lat' dir='ltr'>Revera</span> <span class='ocrx_word' id='word_1_68' title='bbox 1036 1553 1070 1629; x_wconf 91' lang='lat' dir='ltr'>si</span> <span class='ocrx_word' id='word_1_69' title='bbox 1096 1552 1163 1653; x_wconf 92' lang='lat' dir='ltr'>qui</span> <span class='ocrx_word' id='word_1_70' title='bbox 1186 1553 1403 1653; x_wconf 87' lang='lat' dir='ltr'>prodidisse</span> 
     </span>
     <span class='ocr_line' id='line_1_11' title="bbox 169 1670 1401 1771; baseline 0 -24"><span class='ocrx_word' id='word_1_71' title='bbox 169 1672 416 1770; x_wconf 87' lang='lat' dir='ltr'>disciplinam</span> <span class='ocrx_word' id='word_1_72' title='bbox 428 1672 490 1746; x_wconf 86' lang='lat' dir='ltr'>vel</span> <span class='ocrx_word' id='word_1_73' title='bbox 506 1670 701 1747; x_wconf 88' lang='lat' dir='ltr'>mandatis</span> <span class='ocrx_word' id='word_1_74' title='bbox 714 1670 905 1747; x_wconf 87' lang='lat' dir='ltr'>restisisse</span> <span class='ocrx_word' id='word_1_75' title='bbox 915 1671 1152 1769; x_wconf 89' lang='lat' dir='ltr'>judicentur,</span> <span class='ocrx_word' id='word_1_76' title='bbox 1166 1672 1401 1771; x_wconf 88' lang='lat' dir='ltr'>supplicium</span> 
     </span>
     <span class='ocr_line' id='line_1_12' title="bbox 169 1787 1402 1887; baseline 0.002 -23"><span class='ocrx_word' id='word_1_77' title='bbox 169 1790 218 1864; x_wconf 91' lang='lat' dir='ltr'>de</span> <span class='ocrx_word' id='word_1_78' title='bbox 234 1788 290 1863; x_wconf 85' lang='lat' dir='ltr'>eis</span> <span class='ocrx_word' id='word_1_79' title='bbox 308 1814 386 1862; x_wconf 92' lang='lat' dir='ltr'>non</span> <span class='ocrx_word' id='word_1_80' title='bbox 404 1813 492 1863; x_wconf 91' lang='lat' dir='ltr'>raro</span> <span class='ocrx_word' id='word_1_81' title='bbox 510 1787 690 1880; x_wconf 86' lang='lat' dir='ltr'>sumitur,</span> <span class='ocrx_word' id='word_1_82' title='bbox 704 1795 745 1862; x_wconf 87' lang='lat' dir='ltr'>et</span> <span class='ocrx_word' id='word_1_83' title='bbox 760 1787 923 1862; x_wconf 82' lang='lat' dir='ltr'>audacia</span> <span class='ocrx_word' id='word_1_84' title='bbox 938 1787 1096 1887; x_wconf 89' lang='lat' dir='ltr'>quidem</span> <span class='ocrx_word' id='word_1_85' title='bbox 1113 1813 1158 1862; x_wconf 91' lang='lat' dir='ltr'>ac</span> <span class='ocrx_word' id='word_1_86' title='bbox 1174 1789 1402 1865; x_wconf 84' lang='lat' dir='ltr'>dexteritate</span> 
     </span>
     <span class='ocr_line' id='line_1_13' title="bbox 170 1903 1402 2003; baseline 0.002 -24"><span class='ocrx_word' id='word_1_87' title='bbox 170 1912 291 1998; x_wconf 88' lang='lat' dir='ltr'>tanta,</span> <span class='ocrx_word' id='word_1_88' title='bbox 314 1913 360 1980; x_wconf 93' lang='lat' dir='ltr'>ut</span> <span class='ocrx_word' id='word_1_89' title='bbox 384 1904 677 2003; x_wconf 83' lang='lat' dir='ltr'>speculatricem</span> <span class='ocrx_word' id='word_1_90' title='bbox 703 1929 748 1979; x_wconf 88' lang='lat' dir='ltr'>ac</span> <span class='ocrx_word' id='word_1_91' title='bbox 769 1903 964 1980; x_wconf 90' lang='lat' dir='ltr'>vindicem</span> <span class='ocrx_word' id='word_1_92' title='bbox 989 1905 1178 1980; x_wconf 89' lang='lat' dir='ltr'>scelerum</span> <span class='ocrx_word' id='word_1_93' title='bbox 1207 1904 1402 2003; x_wconf 89' lang='lat' dir='ltr'>justitiam</span> 
     </span>
     <span class='ocr_line' id='line_1_14' title="bbox 168 2020 1401 2119; baseline 0.002 -24"><span class='ocrx_word' id='word_1_94' title='bbox 168 2021 329 2096; x_wconf 89' lang='lat' dir='ltr'>sicarius</span> <span class='ocrx_word' id='word_1_95' title='bbox 364 2046 551 2119; x_wconf 85' lang='lat' dir='ltr'>persaepe</span> <span class='ocrx_word' id='word_1_96' title='bbox 584 2021 707 2095; x_wconf 84' lang='lat' dir='ltr'>fallat.</span> <span class='ocrx_word' id='word_1_97' title='bbox 776 2020 901 2119; x_wconf 85' lang='lat' dir='ltr'>Atqui</span> <span class='ocrx_word' id='word_1_98' title='bbox 934 2020 1120 2097; x_wconf 88' lang='lat' dir='ltr'>simulare</span> <span class='ocrx_word' id='word_1_99' title='bbox 1154 2029 1195 2096; x_wconf 92' lang='lat' dir='ltr'>et</span> <span class='ocrx_word' id='word_1_100' title='bbox 1228 2023 1332 2098; x_wconf 84' lang='lat' dir='ltr'>velle</span> <span class='ocrx_word' id='word_1_101' title='bbox 1364 2021 1401 2097; x_wconf 93' lang='lat' dir='ltr'>in</span> 
     </span>
     <span class='ocr_line' id='line_1_15' title="bbox 167 2136 1403 2238; baseline 0.002 -27"><span class='ocrx_word' id='word_1_102' title='bbox 167 2138 315 2212; x_wconf 90' lang='lat' dir='ltr'>occulto</span> <span class='ocrx_word' id='word_1_103' title='bbox 342 2138 483 2229; x_wconf 90' lang='lat' dir='ltr'>latere;</span> <span class='ocrx_word' id='word_1_104' title='bbox 509 2137 684 2235; x_wconf 84' lang='lat' dir='ltr'>obligare</span> <span class='ocrx_word' id='word_1_105' title='bbox 708 2136 784 2212; x_wconf 89' lang='lat' dir='ltr'>sibi</span> <span class='ocrx_word' id='word_1_106' title='bbox 809 2137 987 2212; x_wconf 92' lang='lat' dir='ltr'>homines</span> <span class='ocrx_word' id='word_1_107' title='bbox 1002 2144 1191 2237; x_wconf 87' lang='lat' dir='ltr'>tanquam</span> <span class='ocrx_word' id='word_1_108' title='bbox 1210 2139 1403 2238; x_wconf 89' lang='lat' dir='ltr'>mancipia</span> 
     </span>
     <span class='ocr_line' id='line_1_16' title="bbox 166 2253 1401 2347; baseline -0.001 -17"><span class='ocrx_word' id='word_1_109' title='bbox 166 2253 413 2330; x_wconf 88' lang='lat' dir='ltr'>tenacissimo</span> <span class='ocrx_word' id='word_1_110' title='bbox 457 2279 569 2345; x_wconf 82' lang='lat' dir='ltr'>nexu,</span> <span class='ocrx_word' id='word_1_111' title='bbox 613 2279 683 2329; x_wconf 88' lang='lat' dir='ltr'>nec</span> <span class='ocrx_word' id='word_1_112' title='bbox 724 2253 819 2329; x_wconf 91' lang='lat' dir='ltr'>satis</span> <span class='ocrx_word' id='word_1_113' title='bbox 866 2254 1061 2329; x_wconf 87' lang='lat' dir='ltr'>declarata</span> <span class='ocrx_word' id='word_1_114' title='bbox 1095 2279 1233 2347; x_wconf 83' lang='lat' dir='ltr'>causa3</span> <span class='ocrx_word' id='word_1_115' title='bbox 1278 2255 1401 2331; x_wconf 88' lang='lat' dir='ltr'>alieno</span> 
     </span>
     <span class='ocr_line' id='line_1_17' title="bbox 165 2369 1401 2463; baseline 0 -17"><span class='ocrx_word' id='word_1_116' title='bbox 165 2371 341 2446; x_wconf 85' lang='lat' dir='ltr'>addictos</span> <span class='ocrx_word' id='word_1_117' title='bbox 368 2369 529 2444; x_wconf 89' lang='lat' dir='ltr'>arbitrio</span> <span class='ocrx_word' id='word_1_118' title='bbox 555 2371 606 2444; x_wconf 92' lang='lat' dir='ltr'>ad</span> <span class='ocrx_word' id='word_1_119' title='bbox 631 2395 747 2444; x_wconf 91' lang='lat' dir='ltr'>omne</span> <span class='ocrx_word' id='word_1_120' title='bbox 772 2370 921 2445; x_wconf 86' lang='lat' dir='ltr'>facinus</span> <span class='ocrx_word' id='word_1_121' title='bbox 948 2370 1154 2463; x_wconf 81' lang='lat' dir='ltr'>adhibere3</span> <span class='ocrx_word' id='word_1_122' title='bbox 1180 2396 1339 2447; x_wconf 88' lang='lat' dir='ltr'>armare</span> <span class='ocrx_word' id='word_1_123' title='bbox 1354 2372 1401 2447; x_wconf 88' lang='lat' dir='ltr'>ad</span> 
     </span>
     <span class='ocr_line' id='line_1_18' title="bbox 165 2485 1401 2586; baseline 0 -25"><span class='ocrx_word' id='word_1_124' title='bbox 165 2490 322 2562; x_wconf 88' lang='lat' dir='ltr'>caedem</span> <span class='ocrx_word' id='word_1_125' title='bbox 341 2488 508 2578; x_wconf 77' lang='lat' dir='ltr'>dextrae,</span> <span class='ocrx_word' id='word_1_126' title='bbox 523 2485 698 2586; x_wconf 90' lang='lat' dir='ltr'>quaesita</span> <span class='ocrx_word' id='word_1_127' title='bbox 715 2485 948 2585; x_wconf 86' lang='lat' dir='ltr'>impunitate</span> <span class='ocrx_word' id='word_1_128' title='bbox 965 2487 1161 2585; x_wconf 88' lang='lat' dir='ltr'>peccandi,</span> <span class='ocrx_word' id='word_1_129' title='bbox 1177 2486 1401 2563; x_wconf 86' lang='lat' dir='ltr'>immanitas</span> 
     </span>
     <span class='ocr_line' id='line_1_19' title="bbox 165 2602 1400 2704; baseline 0.002 -26"><span class='ocrx_word' id='word_1_130' title='bbox 165 2605 356 2704; x_wconf 88' lang='lat' dir='ltr'>quaedam</span> <span class='ocrx_word' id='word_1_131' title='bbox 388 2611 457 2696; x_wconf 89' lang='lat' dir='ltr'>est,</span> <span class='ocrx_word' id='word_1_132' title='bbox 483 2629 601 2702; x_wconf 90' lang='lat' dir='ltr'>quam</span> <span class='ocrx_word' id='word_1_133' title='bbox 632 2628 763 2677; x_wconf 91' lang='lat' dir='ltr'>rerum</span> <span class='ocrx_word' id='word_1_134' title='bbox 794 2611 936 2678; x_wconf 89' lang='lat' dir='ltr'>natura</span> <span class='ocrx_word' id='word_1_135' title='bbox 965 2628 1043 2677; x_wconf 92' lang='lat' dir='ltr'>non</span> <span class='ocrx_word' id='word_1_136' title='bbox 1070 2602 1233 2702; x_wconf 89' lang='lat' dir='ltr'>patitur.</span> <span class='ocrx_word' id='word_1_137' title='bbox 1303 2605 1400 2695; x_wconf 75' lang='lat' dir='ltr'>Qua-</span> 
     </span>
     <span class='ocr_line' id='line_1_20' title="bbox 164 2718 1402 2819; baseline 0 -24"><span class='ocrx_word' id='word_1_138' title='bbox 164 2728 326 2819; x_wconf 88' lang='lat' dir='ltr'>propter</span> <span class='ocrx_word' id='word_1_139' title='bbox 359 2720 601 2812; x_wconf 80' lang='lat' dir='ltr'>Societatem,</span> <span class='ocrx_word' id='word_1_140' title='bbox 628 2721 678 2795; x_wconf 94' lang='lat' dir='ltr'>de</span> <span class='ocrx_word' id='word_1_141' title='bbox 711 2746 789 2819; x_wconf 89' lang='lat' dir='ltr'>qua</span> <span class='ocrx_word' id='word_1_142' title='bbox 822 2718 1029 2819; x_wconf 91' lang='lat' dir='ltr'>loquimur,</span> <span class='ocrx_word' id='word_1_143' title='bbox 1056 2745 1144 2795; x_wconf 94' lang='lat' dir='ltr'>cum</span> <span class='ocrx_word' id='word_1_144' title='bbox 1173 2720 1334 2818; x_wconf 89' lang='lat' dir='ltr'>justitia</span> <span class='ocrx_word' id='word_1_145' title='bbox 1365 2727 1402 2797; x_wconf 82' lang='lat' dir='ltr'>et</span> 
     </span>
     <span class='ocr_line' id='line_1_21' title="bbox 165 2835 1400 2936; baseline 0.001 -25"><span class='ocrx_word' id='word_1_146' title='bbox 165 2837 336 2911; x_wconf 87' lang='lat' dir='ltr'>naturali</span> <span class='ocrx_word' id='word_1_147' title='bbox 372 2837 573 2911; x_wconf 85' lang='lat' dir='ltr'>honestate</span> <span class='ocrx_word' id='word_1_148' title='bbox 607 2862 794 2935; x_wconf 87' lang='lat' dir='ltr'>pugnare,</span> <span class='ocrx_word' id='word_1_149' title='bbox 819 2836 919 2911; x_wconf 88' lang='lat' dir='ltr'>ratio</span> <span class='ocrx_word' id='word_1_150' title='bbox 953 2843 994 2911; x_wconf 89' lang='lat' dir='ltr'>et</span> <span class='ocrx_word' id='word_1_151' title='bbox 1021 2835 1166 2910; x_wconf 88' lang='lat' dir='ltr'>veritas</span> <span class='ocrx_word' id='word_1_152' title='bbox 1196 2835 1286 2936; x_wconf 90' lang='lat' dir='ltr'>ipsa</span> <span class='ocrx_word' id='word_1_153' title='bbox 1317 2863 1400 2912; x_wconf 89' lang='lat' dir='ltr'>con-</span> 
     </span>
     <span class='ocr_line' id='line_1_22' title="bbox 164 2953 1068 3051; baseline 0.001 -25"><span class='ocrx_word' id='word_1_154' title='bbox 164 2953 322 3028; x_wconf 88' lang='lat' dir='ltr'>vincit.&#39;&#39;</span> <span class='ocrx_word' id='word_1_155' title='bbox 380 2953 491 3051; x_wconf 86' lang='lat' dir='ltr'>(Litt.</span> <span class='ocrx_word' id='word_1_156' title='bbox 511 2953 669 3051; x_wconf 76' lang='lat' dir='ltr'>Encycl.</span> <span class='ocrx_word' id='word_1_157' title='bbox 688 2954 899 3027; x_wconf 72' lang='lat' dir='ltr'>Humanum</span> <span class='ocrx_word' id='word_1_158' title='bbox 920 2953 1068 3047; x_wconf 80' lang='lat' dir='ltr'>Genus.)</span> 
     </span>
    </p>

    <p class='ocr_par' dir='ltr' id='par_1_3' title="bbox 162 3069 1401 3867">
     <span class='ocr_line' id='line_1_23' title="bbox 214 3069 1400 3169; baseline 0.001 -25"><span class='ocrx_word' id='word_1_159' title='bbox 214 3072 299 3144; x_wconf 78' lang='lat'><strong>249.</strong></span> <span class='ocrx_word' id='word_1_160' title='bbox 328 3071 456 3168; x_wconf 83' lang='lat' dir='ltr'>Supra</span> <span class='ocrx_word' id='word_1_161' title='bbox 473 3070 539 3145; x_wconf 93' lang='lat' dir='ltr'>ubi</span> <span class='ocrx_word' id='word_1_162' title='bbox 559 3071 607 3144; x_wconf 91' lang='lat' dir='ltr'>de</span> <span class='ocrx_word' id='word_1_163' title='bbox 624 3069 890 3144; x_wconf 89' lang='lat' dir='ltr'>discernendis</span> <span class='ocrx_word' id='word_1_164' title='bbox 903 3069 1150 3144; x_wconf 86' lang='lat' dir='ltr'>societatibus</span> <span class='ocrx_word' id='word_1_165' title='bbox 1164 3071 1298 3145; x_wconf 82' lang='lat' dir='ltr'>vetitis</span> <span class='ocrx_word' id='word_1_166' title='bbox 1317 3097 1400 3169; x_wconf 84' lang='lat' dir='ltr'>age·</span> 
     </span>
     <span class='ocr_line' id='line_1_24' title="bbox 164 3185 1401 3285; baseline 0.001 -24"><span class='ocrx_word' id='word_1_167' title='bbox 164 3188 290 3280; x_wconf 90' lang='lat' dir='ltr'>batur,</span> <span class='ocrx_word' id='word_1_168' title='bbox 318 3185 598 3285; x_wconf 88' lang='lat' dir='ltr'>praescidimus</span> <span class='ocrx_word' id='word_1_169' title='bbox 625 3211 649 3260; x_wconf 90' lang='lat' dir='ltr'>a</span> <span class='ocrx_word' id='word_1_170' title='bbox 673 3185 962 3260; x_wconf 90' lang='lat' dir='ltr'>considerandis</span> <span class='ocrx_word' id='word_1_171' title='bbox 996 3185 1114 3260; x_wconf 88' lang='lat' dir='ltr'>simul</span> <span class='ocrx_word' id='word_1_172' title='bbox 1141 3188 1328 3280; x_wconf 90' lang='lat' dir='ltr'>censuris,</span> <span class='ocrx_word' id='word_1_173' title='bbox 1355 3213 1401 3262; x_wconf 91' lang='lat' dir='ltr'>nc</span> 
     </span>
     <span class='ocr_line' id='line_1_25' title="bbox 164 3301 1400 3401; baseline 0.001 -25"><span class='ocrx_word' id='word_1_174' title='bbox 164 3303 389 3377; x_wconf 87' lang='lat' dir='ltr'>videremur</span> <span class='ocrx_word' id='word_1_175' title='bbox 417 3328 480 3377; x_wconf 91' lang='lat' dir='ltr'>res</span> <span class='ocrx_word' id='word_1_176' title='bbox 511 3301 713 3377; x_wconf 89' lang='lat' dir='ltr'>distinctas</span> <span class='ocrx_word' id='word_1_177' title='bbox 747 3303 992 3377; x_wconf 85' lang='lat' dir='ltr'>confundere.</span> <span class='ocrx_word' id='word_1_178' title='bbox 1066 3302 1183 3399; x_wconf 76' lang='lat' dir='ltr'>(Vide</span> <span class='ocrx_word' id='word_1_179' title='bbox 1216 3304 1400 3401; x_wconf 88' lang='lat' dir='ltr'>probatos</span> 
     </span>
     <span class='ocr_line' id='line_1_26' title="bbox 163 3418 1400 3517; baseline -0.001 -23"><span class='ocrx_word' id='word_1_180' title='bbox 163 3426 486 3494; x_wconf 86' lang='lat' dir='ltr'>commentatores</span> <span class='ocrx_word' id='word_1_181' title='bbox 513 3418 553 3492; x_wconf 93' lang='lat' dir='ltr'>in</span> <span class='ocrx_word' id='word_1_182' title='bbox 581 3419 710 3492; x_wconf 81' lang='lat' dir='ltr'>Const.</span> <span class='ocrx_word' id='word_1_183' title='bbox 732 3419 963 3517; x_wconf 81' lang='lat' dir='ltr'>Apostolicue</span> <span class='ocrx_word' id='word_1_184' title='bbox 983 3419 1110 3515; x_wconf 73' lang='lat' dir='ltr'>Sera.)</span> <span class='ocrx_word' id='word_1_185' title='bbox 1165 3420 1242 3495; x_wconf 85' lang='lat' dir='ltr'>Sed</span> <span class='ocrx_word' id='word_1_186' title='bbox 1268 3420 1341 3495; x_wconf 90' lang='lat' dir='ltr'>hoc</span> <span class='ocrx_word' id='word_1_187' title='bbox 1361 3420 1400 3495; x_wconf 92' lang='lat' dir='ltr'>in</span> 
     </span>
     <span class='ocr_line' id='line_1_27' title="bbox 162 3533 1400 3629; baseline 0 -18"><span class='ocrx_word' id='word_1_188' title='bbox 162 3537 258 3629; x_wconf 87' lang='lat' dir='ltr'>loce,</span> <span class='ocrx_word' id='word_1_189' title='bbox 294 3536 451 3611; x_wconf 89' lang='lat' dir='ltr'>incertis</span> <span class='ocrx_word' id='word_1_190' title='bbox 487 3535 632 3610; x_wconf 89' lang='lat' dir='ltr'>relictis</span> <span class='ocrx_word' id='word_1_191' title='bbox 670 3560 870 3609; x_wconf 89' lang='lat' dir='ltr'>censemus</span> <span class='ocrx_word' id='word_1_192' title='bbox 905 3535 1008 3609; x_wconf 89' lang='lat' dir='ltr'>clare</span> <span class='ocrx_word' id='word_1_193' title='bbox 1045 3533 1285 3611; x_wconf 87' lang='lat' dir='ltr'>definiendas</span> <span class='ocrx_word' id='word_1_194' title='bbox 1319 3562 1400 3612; x_wconf 88' lang='lat' dir='ltr'>esse</span> 
     </span>
     <span class='ocr_line' id='line_1_28' title="bbox 162 3650 1399 3748; baseline 0 -20"><span class='ocrx_word' id='word_1_195' title='bbox 162 3679 345 3728; x_wconf 86' lang='lat' dir='ltr'>censuras</span> <span class='ocrx_word' id='word_1_196' title='bbox 371 3660 494 3727; x_wconf 88' lang='lat' dir='ltr'>certas</span> <span class='ocrx_word' id='word_1_197' title='bbox 521 3659 561 3727; x_wconf 92' lang='lat' dir='ltr'>ot</span> <span class='ocrx_word' id='word_1_198' title='bbox 585 3652 687 3726; x_wconf 86' lang='lat' dir='ltr'>latae</span> <span class='ocrx_word' id='word_1_199' title='bbox 712 3650 937 3744; x_wconf 86' lang='lat' dir='ltr'>sententiae,</span> <span class='ocrx_word' id='word_1_200' title='bbox 955 3650 996 3724; x_wconf 90' lang='lat' dir='ltr'>in</span> <span class='ocrx_word' id='word_1_201' title='bbox 1022 3676 1119 3748; x_wconf 87' lang='lat' dir='ltr'>quas</span> <span class='ocrx_word' id='word_1_202' title='bbox 1144 3650 1218 3725; x_wconf 89' lang='lat' dir='ltr'>hae</span> <span class='ocrx_word' id='word_1_203' title='bbox 1244 3652 1399 3728; x_wconf 87' lang='lat' dir='ltr'>societa-</span> 
     </span>
     <span class='ocr_line' id='line_1_29' title="bbox 163 3769 647 3867; baseline -0.004 -23"><span class='ocrx_word' id='word_1_204' title='bbox 163 3777 222 3845; x_wconf 87' lang='lat' dir='ltr'>tes</span> <span class='ocrx_word' id='word_1_205' title='bbox 248 3769 446 3844; x_wconf 88' lang='lat' dir='ltr'>incurrere</span> <span class='ocrx_word' id='word_1_206' title='bbox 472 3776 647 3867; x_wconf 89' lang='lat' dir='ltr'>possunt.</span> 
     </span>
    </p>

    <p class='ocr_par' dir='ltr' id='par_1_4' title="bbox 159 3885 1400 4681">
     <span class='ocr_line' id='line_1_30' title="bbox 214 3885 1399 3986; baseline 0 -25"><span class='ocrx_word' id='word_1_207' title='bbox 214 3886 255 3961; x_wconf 80' lang='lat' dir='ltr'>Si</span> <span class='ocrx_word' id='word_1_208' title='bbox 281 3912 358 3984; x_wconf 87' lang='lat' dir='ltr'>qua</span> <span class='ocrx_word' id='word_1_209' title='bbox 384 3886 506 3984; x_wconf 81' lang='lat' dir='ltr'>igitur</span> <span class='ocrx_word' id='word_1_210' title='bbox 531 3885 692 3960; x_wconf 86' lang='lat' dir='ltr'>societas</span> <span class='ocrx_word' id='word_1_211' title='bbox 718 3887 986 3985; x_wconf 54' lang='lat' dir='ltr'>presbyterum</span> <span class='ocrx_word' id='word_1_212' title='bbox 1004 3885 1163 3986; x_wconf 89' lang='lat' dir='ltr'>proprio</span> <span class='ocrx_word' id='word_1_213' title='bbox 1182 3897 1310 3963; x_wconf 88' lang='lat' dir='ltr'>marte</span> <span class='ocrx_word' id='word_1_214' title='bbox 1327 3886 1399 3961; x_wconf 89' lang='lat' dir='ltr'>sibi</span> 
     </span>
     <span class='ocr_line' id='line_1_31' title="bbox 161 4001 1398 4102; baseline -0.001 -24"><span class='ocrx_word' id='word_1_215' title='bbox 161 4003 334 4077; x_wconf 90' lang='lat' dir='ltr'>vindicet</span> <span class='ocrx_word' id='word_1_216' title='bbox 361 4002 532 4077; x_wconf 86' lang='lat' dir='ltr'>aliumve</span> <span class='ocrx_word' id='word_1_217' title='bbox 558 4002 782 4076; x_wconf 90' lang='lat' dir='ltr'>ministrum</span> <span class='ocrx_word' id='word_1_218' title='bbox 808 4003 945 4093; x_wconf 78' lang='lat' dir='ltr'>cultae,</span> <span class='ocrx_word' id='word_1_219' title='bbox 964 4002 1031 4102; x_wconf 91' lang='lat' dir='ltr'>qui</span> <span class='ocrx_word' id='word_1_220' title='bbox 1056 4001 1191 4077; x_wconf 86' lang='lat' dir='ltr'>rituali</span> <span class='ocrx_word' id='word_1_221' title='bbox 1213 4028 1258 4077; x_wconf 89' lang='lat' dir='ltr'>ac</span> <span class='ocrx_word' id='word_1_222' title='bbox 1274 4029 1398 4079; x_wconf 88' lang='lat' dir='ltr'>caere·</span> 
     </span>
     <span class='ocr_line' id='line_1_32' title="bbox 161 4118 1400 4218; baseline 0 -24"><span class='ocrx_word' id='word_1_223' title='bbox 161 4119 305 4194; x_wconf 88' lang='lat' dir='ltr'>moniis</span> <span class='ocrx_word' id='word_1_224' title='bbox 350 4118 521 4218; x_wconf 85' lang='lat' dir='ltr'>propriis</span> <span class='ocrx_word' id='word_1_225' title='bbox 559 4143 629 4216; x_wconf 93' lang='lat' dir='ltr'>pro</span> <span class='ocrx_word' id='word_1_226' title='bbox 664 4143 733 4192; x_wconf 89' lang='lat' dir='ltr'>suo</span> <span class='ocrx_word' id='word_1_227' title='bbox 768 4118 896 4193; x_wconf 90' lang='lat' dir='ltr'>lubitu</span> <span class='ocrx_word' id='word_1_228' title='bbox 930 4127 1083 4211; x_wconf 82' lang='lat' dir='ltr'>utatur3</span> <span class='ocrx_word' id='word_1_229' title='bbox 1126 4118 1199 4193; x_wconf 88' lang='lat' dir='ltr'>hcc</span> <span class='ocrx_word' id='word_1_230' title='bbox 1233 4121 1276 4194; x_wconf 91' lang='lat' dir='ltr'>in</span> <span class='ocrx_word' id='word_1_231' title='bbox 1310 4145 1400 4194; x_wconf 86' lang='lat' dir='ltr'>casu</span> 
     </span>
     <span class='ocr_line' id='line_1_33' title="bbox 161 4235 1398 4334; baseline 0 -22"><span class='ocrx_word' id='word_1_232' title='bbox 161 4235 349 4334; x_wconf 87' lang='lat' dir='ltr'>adscripti</span> <span class='ocrx_word' id='word_1_233' title='bbox 376 4236 495 4310; x_wconf 88' lang='lat' dir='ltr'>etiam</span> <span class='ocrx_word' id='word_1_234' title='bbox 521 4261 702 4309; x_wconf 84' lang='lat' dir='ltr'>censuras</span> <span class='ocrx_word' id='word_1_235' title='bbox 728 4243 862 4310; x_wconf 90' lang='lat' dir='ltr'>contra</span> <span class='ocrx_word' id='word_1_236' title='bbox 886 4235 1149 4309; x_wconf 88' lang='lat' dir='ltr'>schismaticos</span> <span class='ocrx_word' id='word_1_237' title='bbox 1175 4237 1240 4310; x_wconf 91' lang='lat' dir='ltr'>vel</span> <span class='ocrx_word' id='word_1_238' title='bbox 1267 4238 1398 4312; x_wconf 90' lang='lat' dir='ltr'>hacre-</span> 
     </span>
     <span class='ocr_line' id='line_1_34' title="bbox 159 4351 1398 4440; baseline -0.001 -12"><span class='ocrx_word' id='word_1_239' title='bbox 159 4354 259 4428; x_wconf 90' lang='lat' dir='ltr'>ticos</span> <span class='ocrx_word' id='word_1_240' title='bbox 286 4353 387 4427; x_wconf 88' lang='lat' dir='ltr'>latas</span> <span class='ocrx_word' id='word_1_241' title='bbox 412 4352 627 4426; x_wconf 87' lang='lat' dir='ltr'>incurrunt.</span> <span class='ocrx_word' id='word_1_242' title='bbox 681 4352 788 4440; x_wconf 81' lang='lat' dir='ltr'>Quae</span> <span class='ocrx_word' id='word_1_243' title='bbox 812 4377 996 4427; x_wconf 87' lang='lat' dir='ltr'>censurae</span> <span class='ocrx_word' id='word_1_244' title='bbox 1012 4351 1068 4426; x_wconf 89' lang='lat' dir='ltr'>ita</span> <span class='ocrx_word' id='word_1_245' title='bbox 1084 4352 1342 4427; x_wconf 89' lang='lat' dir='ltr'>enuntiantur</span> <span class='ocrx_word' id='word_1_246' title='bbox 1358 4352 1398 4427; x_wconf 92' lang='lat' dir='ltr'>in</span> 
     </span>
     <span class='ocr_line' id='line_1_35' title="bbox 162 4467 1400 4568; baseline 0.001 -24"><span class='ocrx_word' id='word_1_247' title='bbox 162 4470 295 4545; x_wconf 84' lang='lat' dir='ltr'>Const.</span> <span class='ocrx_word' id='word_1_248' title='bbox 326 4470 558 4568; x_wconf 79' lang='lat' dir='ltr'>Apostolicac</span> <span class='ocrx_word' id='word_1_249' title='bbox 586 4469 687 4541; x_wconf 80' lang='lat' dir='ltr'>Sedis</span> <span class='ocrx_word' id='word_1_250' title='bbox 716 4469 819 4541; x_wconf 89' lang='lat' dir='ltr'>inter</span> <span class='ocrx_word' id='word_1_251' title='bbox 847 4467 1262 4544; x_wconf 84' lang='lat' dir='ltr'>excommunicationes</span> <span class='ocrx_word' id='word_1_252' title='bbox 1297 4470 1400 4544; x_wconf 88' lang='lat' dir='ltr'>latae</span> 
     </span>
     <span class='ocr_line' id='line_1_36' title="bbox 161 4582 1398 4681; baseline 0.002 -22"><span class='ocrx_word' id='word_1_253' title='bbox 161 4585 388 4678; x_wconf 85' lang='lat' dir='ltr'>sententiae,</span> <span class='ocrx_word' id='word_1_254' title='bbox 416 4584 593 4659; x_wconf 87' lang='lat' dir='ltr'>Romano</span> <span class='ocrx_word' id='word_1_255' title='bbox 629 4582 807 4658; x_wconf 89' lang='lat' dir='ltr'>Pontifici</span> <span class='ocrx_word' id='word_1_256' title='bbox 833 4582 990 4681; x_wconf 89' lang='lat' dir='ltr'>speciali</span> <span class='ocrx_word' id='word_1_257' title='bbox 1016 4585 1131 4658; x_wconf 90' lang='lat' dir='ltr'>modo</span> <span class='ocrx_word' id='word_1_258' title='bbox 1157 4594 1398 4661; x_wconf 80' lang='lat' dir='ltr'>reservatas:</span> 
     </span>
    </p>
   </div>
   <div class='ocr_carea' id='block_1_3' title="bbox 0 0 1576 5242">
    <p class='ocr_par' dir='ltr' id='par_1_5' title="bbox 0 0 1576 5242">
     <span class='ocr_line' id='line_1_37' title="bbox 0 0 1576 5242; baseline 0 3"><span class='ocrx_word' id='word_1_259' title='bbox 0 0 1576 5242; x_wconf 95' lang='lat' dir='ltr'> </span> 
     </span>
    </p>
   </div>
  </div>
 </body>
</html>
