3142 5242
167 473 231 537 134
361 486 544 535 rrrunus
569 486 784 533 vnn—us
813 486 921 533 zrcto
950 486 1208 535 urrunnun.

165 637 306 736 refugii
329 662 400 736 pro
424 634 610 734 orphanis
636 661 680 711 ac
705 634 942 733 pauperibus
965 636 1015 710 ad
1040 633 1258 733 Nigrorum
1280 661 1406 729 usum,

167 752 235 830 ubi
259 753 343 829 fieri
370 750 525 852 poterit,
551 750 659 826 omni
685 751 774 826 nisu
799 758 1018 849 procurent.
1076 751 1181 826 Aliis
1206 759 1342 828 autem
1366 751 1406 827 in

166 869 261 946 locis
279 871 460 944 volumus
485 875 529 943 ut
551 893 628 942 non
647 868 774 942 solum
793 876 1038 966 opportunus
1054 874 1096 943 et
1117 866 1283 944 idoneus
1301 868 1406 943 locus

165 987 208 1062 in
226 986 384 1062 ecelesia
401 984 597 1060 communi
615 984 878 1083 provideatur,
892 1009 936 1059 ac
952 984 1177 1082 petentibus
1188 984 1283 1075 illis,
1297 985 1405 1061 nullo

166 1103 299 1179 habito
323 1101 559 1193 discrimine,
577 1108 819 1176 sacramenta
841 1100 1022 1176 alacriter
1044 1100 1341 1193 ministrentur;
1366 1110 1405 1178 at

165 1229 366 1320 praeterea
390 1219 611 1310 statuimus,
631 1223 675 1293 ut
700 1216 897 1293 Ordinarii
923 1216 964 1292 in
991 1226 1143 1316 partem
1169 1224 1306 1293 tantae
1331 1219 1403 1294 sol-

165 1337 379 1414 licitudinis
405 1341 563 1411 sumant
588 1336 816 1427 sacerdotes
834 1333 918 1409 sive
941 1334 1157 1410 saeculares
1183 1334 1269 1411 sive
1293 1361 1402 1436 regu·

165 1455 279 1548 lares,
305 1479 471 1554 quorum
498 1451 625 1527 solum
651 1450 818 1525 officium
844 1448 920 1526 erit
948 1451 1034 1526 istis
1059 1450 1234 1528 familiae
1260 1453 1404 1529 Christi

166 1572 353 1647 membris
379 1570 542 1645 verbum
571 1566 645 1643 Dei
675 1567 910 1666 praedicare,
935 1593 1071 1644 eorum
1096 1569 1286 1666 parvulos
1314 1567 1404 1645 fidei

165 1688 359 1790 principia
384 1687 554 1779 edocere,
580 1683 745 1783 aliisque
775 1683 997 1783 apostolicis
1027 1683 1160 1761 officiis
1189 1710 1287 1785 erga
1315 1684 1402 1761 illos

164 1804 286 1905 fungi,
309 1802 540 1903 juvantibus
575 1800 787 1877 rectoribus
821 1800 1083 1935 ecclesiarum,
1110 1801 1252 1901 quibus
1288 1801 1402 1879 inter·

164 1921 330 1999 dicimus
361 1946 409 1996 ne
436 1918 717 2017 impedimento
743 1917 824 1993 sint
849 1916 1107 1994 missionariis
1132 1919 1182 1994 ab
1209 1918 1402 2073 Episcopo

163 2046 247 2116 tam
273 2046 404 2114 sancto
432 2035 584 2112 muneri
610 2034 854 2133 praepositis.

215 2157 300 2232 239.
337 2156 467 2245 Quum
485 2178 577 2227 vcro
601 2151 796 2226 maximus
822 2152 950 2227 adhuc
975 2176 1163 2227 numerus
1186 2151 1401 2252 Nigrorum

164 2281 274 2349 extra
299 2270 444 2347 Christi
470 2269 573 2344 ovile
589 2276 777 2359 versetur,
795 2275 949 2365 oportet
973 2274 1018 2342 ut
1043 2267 1245 2344 Ordinarii
1270 2295 1401 2368 opera-

163 2390 243 2466 rios
267 2389 348 2464 zelo
373 2387 594 2462 animarum
618 2409 820 2459 succensos
843 2393 1044 2483 quaerant,
1062 2409 1160 2484 quos
1183 2384 1348 2463 mittant
1362 2385 1401 2461 in

164 2506 264 2582 hanc
280 2513 433 2606 partem
452 2502 588 2578 messis
603 2500 774 2576 Domini.
818 2500 951 2576 Sciant
966 2501 1085 2575 etiam
1103 2500 1403 2579 seminariorum

165 2625 438 2711 moderatores
457 2618 631 2694 omnium
652 2617 809 2716 juribus
833 2626 964 2692 sancte
987 2616 1164 2709 servatis,
1182 2617 1298 2693 officii
1321 2643 1403 2695 esse

164 2739 225 2815 sui
248 2735 473 2837 hujusmodi
493 2734 733 2809 vocationem
757 2734 892 2809 sedulo
917 2733 958 2808 in
983 2732 1125 2808 animis
1150 2733 1402 2812 alumnorum

164 2853 373 2931 sanctuarii
416 2852 598 2944 excolere,
637 2850 793 2949 saepius
835 2850 915 2924 illis
958 2851 1212 2949 proponendo
1256 2849 1402 2927 Christi

164 2972 400 3072 promissum
443 2970 547 3068 quod
594 2967 635 3042 in
683 2966 757 3042 isto
801 2966 1017 3041 ministerio
1061 2966 1230 3042 maxime
1274 2969 1401 3045 valet:

165 3098 186 3132 “
200 3091 325 3165 Nemo
368 3094 427 3162 est
466 3085 533 3185 qui
576 3084 778 3184 reliquerit
819 3085 979 3159 domum
1023 3085 1044 3130 '³
1086 3086 1106 3129 *⁶
1148 3085 1169 3130 '³
1212 3085 1279 3183 qui
1324 3111 1400 3161 non

165 3206 328 3305 accipiat
343 3203 486 3280 centies
510 3209 663 3277 tanturn
684 3200 849 3275 nuncin
874 3209 1048 3298 tempore
1068 3201 1140 3275 hoc
1165 3203 1187 3247 *
1211 3203 1233 3248 '³‘
1258 3205 1279 3248 ²³³
1304 3211 1345 3279 et
1360 3203 1401 3278 in

165 3323 316 3398 soeculo
351 3322 481 3394 futuro
516 3319 637 3392 vitam
674 3316 907 3391 aeternam.”
985 3317 1122 3414 (liare.
1154 3338 1195 3393 x.
1226 3321 1288 3411 29,
1320 3320 1396 3418 30.)

165 3440 382 3529 Praetereo,
397 3462 484 3511 curn
503 3435 706 3533 religiosae
722 3420 894 3508 trimiliae
907 3433 1243 3508 missionariorum
1262 3435 1400 3511 merito

164 3556 381 3656 glorientur
420 3579 460 3628 se
496 3550 735 3649 mancipatas
775 3576 858 3624 esse
892 3549 933 3624 in
968 3558 1112 3625 sortem
1149 3549 1322 3643 Domini,
1358 3559 1402 3629 ut

165 3698 319 3749 summa
353 3669 579 3746 necessitate
608 3676 770 3766 urgente
800 3666 1024 3742 hominibus
1054 3668 1217 3742 verbum
1255 3668 1329 3744 Dei
1362 3677 1401 3747 et

164 3816 306 3890 panem
337 3788 441 3862 vitae
471 3784 730 3860 esurientibus
760 3808 944 3882 generose
974 3782 1227 3881 opitulentur,
1256 3786 1401 3886 absque

165 3907 282 3983 dubio
310 3904 515 3980 Praesules
542 3909 695 3976 nostros
721 3900 839 3975 alacri
865 3900 996 3975 animo
1017 3900 1226 3998 jurabunt.

215 4024 301 4098 240.
328 4022 502 4096 Tandem
527 4017 682 4092 silentio
706 4019 1031 4115 praetereundum
1055 4042 1133 4091 non
1157 4027 1228 4109 est,
1246 4018 1400 4097 institu-

164 4142 310 4216 tionem
338 4136 633 4213 catechistorum
662 4135 864 4232 utriusque
891 4159 1004 4208 sexus
1034 4134 1292 4210 difficiliorem
1323 4162 1401 4212 non

164 4260 246 4333 fore
273 4256 378 4353 apud
406 4279 476 4327 nos
503 4277 619 4350 quam
648 4250 689 4323 in
715 4250 937 4348 regionibus
963 4249 1216 4344 ethnicorum,
1244 4256 1400 4350 qua-ndo

165 4371 344 4470 diligenti
378 4396 472 4445 cura
504 4368 546 4442 in
580 4366 623 4442 id
666 4365 889 4440 incumbent
928 4365 1174 4440 missionorii.
1245 4369 1399 4445 Talium

165 4491 386 4587 adjutorum
411 4510 529 4584 opera
552 4482 684 4582 magni
711 4481 885 4556 facienda
908 4491 977 4557 est.
1030 4482 1232 4558 Pnrabunt
1255 4488 1400 4560 etenim

164 4606 270 4680 viam
305 4603 422 4679 saeris
457 4599 647 4675 ministris
678 4599 715 4672 N
719 4599 822 4696 igros
853 4598 1032 4674 ecclesiae
1063 4598 1209 4673 ricinos
1240 4625 1400 4699 congre-
