3142 5242
101 466 143 530 24
232 486 415 534 TITULUS
445 489 605 536 IL-DB
634 489 841 536 PERSONIS
871 489 1233 536 ECCLESIASTICIS.

99 640 341 718 considerata
381 643 577 718 missionis
620 644 849 736 conditione,
885 644 1035 719 scholas
1075 669 1195 718 novas
1238 643 1335 742 erigi

99 780 213 853 posse
239 764 279 833 et
303 759 452 835 debere.

150 872 229 948 III.
266 874 488 951 Temeraria
521 885 677 977 etpost
711 877 1017 953 admonitionem
1052 876 1219 977 repetita
1253 902 1334 952 sus·

98 989 223 1087 ceptio
243 990 343 1066 aeris
361 991 479 1067 alieni
503 1018 575 1092 pro
601 993 760 1069 ecclesia
777 1018 846 1068 seu
863 992 1058 1086 missione,
1077 993 1139 1068 vel
1157 1017 1229 1091 pro
1250 992 1336 1092 ipso

99 1108 308 1202 sacerdote,
327 1107 411 1183 sine
437 1107 636 1186 Ordinarii
661 1109 840 1203 licentia3
875 1116 945 1184 aut
970 1109 1177 1200 manifesta
1206 1109 1334 1183 inobe-

98 1219 247 1297 dientia
264 1223 305 1297 in
324 1225 521 1300 solvendis
538 1224 679 1301 debitis
696 1225 914 1302 contractis.

149 1337 221 1414 IV.
259 1339 429 1418 Gollusio
455 1366 544 1416 cum
571 1341 738 1416 aedituis
772 1341 881 1417 laicis
907 1344 958 1418 ad
984 1344 1157 1417 dandum
1194 1368 1335 1416 nomen

97 1454 279 1532 ecclesiae
317 1458 443 1558 (Note)
473 1457 515 1533 in
550 1456 788 1556 agnitionem
818 1458 958 1533 falsam
994 1458 1178 1557 pecuniae
1213 1458 1336 1533 veluti

96 1569 252 1648 debitae
269 1573 346 1671 ipsi
362 1573 515 1649 rectori.

145 1686 196 1763 V.
233 1689 499 1766 Frauduleuta
510 1691 683 1789 deceptio
695 1691 894 1769 Ordinarii
908 1716 978 1791 per
991 1692 1245 1767 deliberatam
1264 1692 1334 1765 fal·

95 1800 252 1880 sitatem
267 1806 307 1882 in
322 1832 454 1882 annua
470 1806 658 1882 relatione
676 1814 803 1882 status
820 1807 1036 1906 spiritualis
1050 1832 1093 1881 ac
1106 1808 1334 1907 temporalis

95 1918 304 2018 missionis,
339 1924 381 1998 in
417 1949 461 1999 re
494 1923 640 1998 scilicet
672 1922 806 2023 magni
843 1922 1030 1998 momenti
1067 1931 1250 2022 vergente
1285 1926 1335 2000 ad

93 2059 215 2134 grave
232 2039 512 2116 detrimentum
529 2039 726 2114 missionis
747 2039 884 2139 ipsius.

144 2151 217 2232 VI.
254 2156 417 2233 Publica
442 2162 482 2233 et
506 2158 704 2256 pedurans
728 2155 933 2232 infamatio
963 2159 1091 2256 quoad
1118 2183 1248 2232 mores
1275 2184 1333 2233 sa·

92 2274 318 2368 cerdotales,
336 2300 414 2373 qua
439 2297 532 2348 cura
556 2271 778 2348 animarum
794 2298 915 2371 grave
932 2274 1121 2348 damnum
1147 2274 1333 2372 patiatur.

142 2388 240 2467 VII.
279 2391 321 2466 Si
354 2389 442 2490 quis
474 2396 602 2464 rector
634 2386 901 2463 inamovibilis
934 2389 1080 2487 absque
1113 2413 1186 2464 sua
1219 2391 1334 2488 culpa

90 2507 269 2584 redditus
286 2507 350 2583 vel
368 2512 589 2604 compertus
614 2509 674 2579 est
699 2503 852 2579 notaria
874 2504 1026 2579 ratione
1043 2513 1084 2580 et
1102 2529 1332 2603 permanen·

90 2626 153 2696 ter
185 2623 373 2700 inhabilis
407 2623 458 2698 ad
491 2619 718 2696 missionem
752 2619 1116 2714 administrandam,
1151 2621 1186 2696 is
1220 2621 1331 2697 indu·

91 2740 236 2816 cendus
262 2747 332 2834 est,
359 2745 405 2815 ut
428 2743 568 2837 sponte
599 2735 807 2813 renuntiet.
859 2735 1019 2811 sivero
1045 2736 1088 2813 id
1118 2744 1272 2814 recuset
1294 2745 1334 2813 et

90 2878 163 2953 per
190 2857 294 2956 juris
327 2853 559 2946 remedium,
587 2851 857 2928 constituendo
892 2851 928 2928 ei
962 2853 1108 2928 scilicet
1141 2853 1331 2968 ficarium

90 2995 180 3047 curn
193 2999 364 3073 congrua
381 2969 566 3070 pensione
584 2969 713 3067 (Cone.
727 2968 833 3044 Trid.
847 2970 947 3044 Sess.
961 2991 1063 3061 xxa,
1078 2995 1108 3045 c.
1123 2971 1149 3044 6
1162 2971 1211 3044 de
1226 2970 1308 3044 Bes.
1322 2999 1330 3062 3

91 3094 130 3163 et
144 3087 291 3166 Bened.
305 3086 433 3179 XIV,
448 3087 496 3161 de
513 3085 605 3184 Syn.
625 3083 754 3160 Dioec.
768 3084 838 3160 lib.
852 3107 960 3178 xun,
974 3109 1006 3161 c.
1024 3088 1060 3178 9,
1080 3110 1117 3160 n.
1131 3088 1203 3178 213
1221 3110 1252 3162 c.
1271 3087 1331 3179 10,

92 3229 130 3281 n.
158 3208 221 3300 16)
260 3201 461 3307 provideri
490 3208 667 3299 nequeat,
695 3200 924 3299 Episcopus
950 3209 1112 3300 propter
1144 3202 1331 3299 speciales

90 3321 324 3400 missionum
350 3327 574 3394 nostrarum
598 3316 850 3410 conditiones,
877 3343 925 3392 ex
949 3317 1183 3416 gravissima
1216 3343 1332 3394 causa

90 3439 265 3539 legitime
290 3440 569 3526 demonstrata,
596 3433 741 3533 poterit
769 3434 888 3508 etiam
923 3433 978 3509 sic
1011 3433 1332 3510 irrationabiliter

88 3556 259 3635 invitum
278 3577 472 3634 amovere.
523 3549 614 3624 Sive
637 3557 768 3624 autem
786 3557 915 3624 amoto
934 3549 1017 3625 sive
1033 3558 1172 3649 sponte
1188 3575 1330 3627 renun-

88 3673 203 3752 tianti
230 3668 459 3776 procurabit
490 3665 730 3766 pensionem,
754 3691 854 3764 quaa
878 3691 926 3741 ex
950 3667 1217 3741 consultorum
1243 3693 1330 3743 con·

88 3790 176 3867 silio
202 3812 377 3889 congrua
403 3781 633 3874 censebitur,
658 3781 771 3880 eique
800 3781 960 3857 titulum
990 3782 1150 3857 rectoris
1177 3784 1331 3859 emeriti

87 3906 344 3987 conservabit.
411 3899 564 3999 (Quoad
590 3897 881 3996 appellationes,
907 3898 996 3973 vide
1019 3898 1133 3992 infra,
1158 3924 1224 3974 nn.
1244 3902 1330 3993 286,

87 4028 191 4128 3113.)
1036 4034 1040 4038 ’

136 4149 197 4222 39,
238 4144 316 4222 Pro
352 4136 478 4236 gradu
514 4158 589 4231 quo
625 4137 791 4205 rectores
833 4130 1172 4207 inamovibilitatis
1214 4134 1330 4208 titulo

85 4257 330 4339 oorulrnroruti
374 4251 462 4328 aliis
506 4255 697 4348 praeeunt
738 4247 1013 4341 sacerdotibus
1057 4273 1101 4322 eo
1145 4249 1330 4327 strictiori

89 4379 219 4457 illiciis
254 4367 432 4468 obsequii
467 4364 623 4440 vinculo
662 4389 750 4438 oum
786 4363 978 4461 Episcopo
1012 4364 1331 4463 constringantur

86 4503 249 4599 ‹qmrtot
332 4489 396 4564 Ita
438 4484 515 4575 fiet,
555 4487 600 4555 ut
641 4506 664 4554 a
707 4479 873 4572 Christo,
912 4504 1065 4553 summo
1107 4480 1329 4556 animarum

87 4616 259 4705 Pastore,
288 4600 506 4685 uberrimos
532 4596 679 4696 gratias
705 4605 990 4693 consequantur
1020 4596 1070 4670 ad
1101 4621 1217 4672 suum
1247 4607 1329 4672 tam
