3142 5242
427 480 480 527 uu
509 480 767 526 saurxnaus
796 479 1054 527 irnronurus.
1313 462 1352 524 81

171 635 255 711 157.
291 635 552 710 Seminarium
578 643 659 710 tam
686 635 816 710 minus
841 662 958 735 quam
983 636 1109 733 majus
1135 636 1355 733 frequenter

117 750 253 827 visitet
270 752 498 851 Episcopus,
517 759 556 827 et
580 751 764 828 adhibitis
782 752 911 845 etiam,
930 752 963 827 si
987 752 1023 827 ei
1041 750 1248 843 videbitur,
1266 749 1355 824 aliis

118 869 241 943 doctis
268 877 307 943 et
332 868 407 967 piis
426 868 532 961 viris,
551 877 636 944 tum
663 871 711 944 de
738 869 1013 968 magistrorum
1041 866 1244 966 diligentia
1269 874 1355 941 tum

118 986 167 1060 de
191 985 471 1084 progressibus,
495 1011 592 1084 quos
619 993 658 1061 et
683 985 724 1060 in
751 985 855 1061 vitae
881 986 1098 1084 disciplina,
1120 992 1160 1060 et
1184 983 1226 1059 in
1252 983 1354 1058 litte·

117 1126 252 1176 rarum
275 1102 599 1201 scientiarumque
625 1101 765 1177 studiis
790 1102 917 1177 clerici
943 1101 1161 1188 habuerint,
1180 1107 1355 1176 accurate

117 1217 302 1317 inquirat.

170 1336 253 1411 158.
291 1336 508 1435 Disciplina
533 1362 604 1436 pro
631 1337 869 1412 moderanda
893 1342 976 1411 tota
995 1335 1099 1411 vitae
1126 1334 1276 1410 ratione
1299 1333 1356 1409 ita

117 1450 170 1526 sit
194 1460 429 1551 comparata,
456 1460 500 1529 ut
526 1478 595 1528 nee
620 1451 786 1527 nimium
812 1452 981 1551 rigorem
1008 1451 1145 1551 sapiat,
1173 1475 1243 1527 nec
1268 1475 1353 1550 per·

117 1566 303 1643 niciosam
322 1569 522 1644 laxitatem
536 1570 724 1661 redoleat;
743 1568 987 1667 superiorum
1006 1575 1136 1643 autem
1151 1566 1355 1667 vigilantia

116 1682 159 1757 in
177 1685 260 1782 ejus
278 1687 568 1761 conservatione
586 1686 642 1760 ita
659 1685 711 1760 sit
734 1693 951 1784 temperata
968 1693 1007 1760 et
1030 1685 1205 1775 discreta,
1225 1691 1269 1759 ut
1286 1707 1355 1758 nec

116 1801 169 1875 ad
186 1800 351 1876 minima
367 1827 541 1901 quaeque
559 1801 677 1876 nimis
698 1801 893 1877 subtiliter
911 1803 1096 1893 attendat,
1117 1825 1185 1877 nec
1203 1800 1354 1874 animos

117 1917 350 2016 quibusdam
385 1918 506 1993 veluti
542 1919 707 1994 vinculis
746 1917 917 1992 onerosis
953 1917 1178 1992 constrictos
1211 1923 1353 2009 teneat,

117 2058 217 2133 quae
239 2034 455 2133 impediant
481 2035 689 2134 quominus
710 2035 902 2133 juvenum
927 2033 1077 2109 indoles
1104 2059 1187 2110 sese
1212 2040 1352 2110 exerat

121 2148 215 2249 (Ofr.
234 2150 347 2225 Cone.
366 2151 482 2226 Prov.
501 2150 638 2227 Venet.
657 2177 691 2227 a.
711 2152 836 2249 1859.)

168 2267 252 2342 159.
290 2267 522 2343 (lautissime
539 2270 751 2367 procedant
768 2267 954 2367 Episcopi
971 2267 1012 2342 in
1031 2267 1240 2366 seligendis
1257 2266 1353 2343 viris

116 2383 259 2483 quibus
276 2383 475 2459 seminarii
494 2383 654 2460 directio
671 2385 941 2477 concredatur3
966 2409 1035 2459 nec
1051 2385 1191 2458 electos
1205 2382 1353 2458 diutius

116 2498 160 2575 iu
176 2499 298 2574 officio
316 2499 520 2592 retineant,
536 2526 654 2599 quarn
667 2525 867 2600 quousque
880 2525 1013 2575 eorum
1028 2500 1150 2574 vitam
1168 2507 1208 2575 et
1224 2498 1354 2575 studia
1433 2566 1436 2573 .

115 2615 217 2692 tanti
235 2617 418 2715 ponderis
436 2616 589 2692 muneri
606 2619 840 2715 respondere
853 2615 1212 2692 animadverterint.
1257 2615 1352 2692 Rec-

115 2738 179 2809 tor
192 2732 245 2807 sit
256 2757 410 2807 morum
424 2732 659 2831 integritate,
671 2733 874 2832 gravitate,
886 2731 1124 2832 experientia
1136 2739 1176 2808 et
1191 2732 1352 2810 consilio

116 2847 294 2943 eximius,
312 2873 356 2924 ao
378 2849 534 2950 pietate,
552 2849 646 2943 zelo,
665 2850 921 2950 omnibusque
944 2848 1155 2925 virtutibus
1179 2851 1351 2926 sacerdo·

114 2965 261 3042 talibus
287 2972 510 3064 praestans;
546 2965 613 3064 qui
639 2966 762 3041 animi
784 2966 1053 3042 fortitudinem
1078 2965 1120 3041 in
1147 2967 1353 3065 disciplina

115 3083 262 3156 tuenda
289 3106 379 3157 eum
408 3081 707 3157 mansuetudine
737 3091 777 3158 et
805 3083 996 3159 suavitate
1028 3083 1069 3158 in
1099 3084 1351 3181 gubernando

116 3197 255 3290 societ3
289 3197 357 3297 qui
391 3223 524 3273 euram
558 3224 714 3274 omnem
743 3207 783 3275 et
807 3199 1053 3298 vigilantiam
1084 3199 1277 3291 adhibeat,
1309 3207 1353 3275 ut

116 3339 251 3390 omnes
280 3314 481 3389 seminarii
511 3314 691 3392 officiales
721 3341 765 3392 ao
795 3315 967 3392 ministri
992 3342 1062 3392 suo
1092 3341 1253 3391 munere
1277 3316 1351 3391 rite

115 3431 339 3531 fungantur.
392 3433 459 3506 Ad
475 3432 643 3507 officium
666 3432 828 3508 docendi
847 3458 925 3508 non
943 3441 1192 3508 assumantur
1209 3433 1351 3532 magis·

116 3546 168 3623 tri
186 3547 263 3622 nisi
280 3547 347 3647 qui
369 3547 539 3648 ingenio,
557 3548 744 3642 doctrina,
762 3548 908 3649 pietate
924 3556 964 3625 et
986 3574 1141 3625 morum
1158 3550 1351 3648 gravitate

115 3664 390 3764 spectatissimi
407 3665 506 3758 sint;
533 3665 601 3764 qui
624 3666 765 3741 studiis
782 3673 1004 3741 constanter
1021 3666 1176 3758 addicti,
1194 3667 1351 3765 regulae

109 3779 252 3881 jugum
278 3787 319 3856 et
333 3781 438 3856 vitae
460 3806 645 3879 operosae
670 3783 824 3881 pondus
846 3782 965 3857 hilari
987 3783 1118 3857 animo
1142 3784 1349 3881 perferant,

116 3905 233 3998 atque
249 3896 291 3972 in
309 3905 484 3973 accurate
501 3900 693 3974 servando
710 3898 847 3974 ordine
864 3899 1034 3974 alumnis
1051 3907 1256 3998 praeeant,
1282 3900 1350 3998 qui

110 4012 277 4112 juvenes
303 4013 462 4090 clericos
490 4013 766 4108 humilitatem,
795 4014 935 4091 mundi
964 4016 1109 4114 fugam,
1138 4016 1282 4091 laboris
1312 4023 1352 4091 et

116 4129 340 4205 solitudinis
373 4155 558 4225 amorem,
583 4131 770 4207 orationis
804 4131 1002 4207 assiduam
1036 4131 1188 4230 praxim
1223 4158 1349 4207 exem·

117 4246 183 4346 plo
223 4272 302 4322 non
343 4246 475 4322 minus
508 4273 627 4346 quam
660 4249 779 4324 verbo
822 4251 1029 4340 edoceant;
1073 4248 1140 4348 qui
1182 4249 1351 4324 maxime

116 4362 247 4438 idonei
273 4364 624 4463 deprehendantur,
643 4389 721 4439 non
747 4365 876 4439 solum
898 4366 949 4440 ad
973 4366 1205 4440 tradendam
1230 4364 1349 4440 scien·

115 4478 212 4554 tiam
239 4480 290 4554 ab
312 4480 419 4554 omni
444 4505 574 4555 errore
600 4480 781 4574 alienam,
800 4507 936 4556 verum
963 4482 1081 4557 etiam
1107 4483 1156 4556 ad
1183 4481 1349 4580 discipu·

116 4594 245 4671 lorum
288 4595 439 4670 animos
481 4597 629 4695 gloriae
664 4596 737 4672 Dei
771 4604 811 4672 et
844 4597 981 4672 salutis
1015 4597 1235 4672 animarum
1269 4598 1350 4672 zelo
