3142 5242
129 483 192 547 102
250 496 434 545 'I'I'I'ULUS
459 495 634 545 VL—DE
664 493 938 542 JUVENTUTIS
966 490 1298 538 lus‘rlru'rlorm.

24 635 42 655 '
127 655 177 730 ad
201 654 273 728 hoc
297 651 473 731 omnium
493 673 682 725 consensu
702 648 759 724 nil
783 657 865 725 tam
889 648 1158 740 necessarium,
1176 671 1298 746 quam
1324 653 1372 721 nt

127 768 316 845 Catholici
342 732 485 867 uffique
510 766 683 841 locorum
707 764 889 865 proprias
914 763 989 840 sibi
1013 763 1165 842 scholas
1181 762 1369 855 habeant,

79 966 104 975 .,
126 911 267 986 easque
293 884 460 984 publicis
484 883 592 958 haud
615 880 831 958 inferiores.
881 879 1033 956 Scholis
1065 904 1158 980 ergo
1191 877 1369 955 Catholi-

126 1001 180 1077 cis
215 1001 298 1077 sive
322 998 534 1076 condendis
568 997 635 1073 ubi
670 997 874 1092 defuerint,
902 997 985 1074 sive
1015 993 1302 1096 amplificandis
1329 1000 1372 1070 et

127 1118 334 1217 perfectius
371 1114 610 1191 instruendis
652 1115 927 1214 parandisque‚
963 1120 1009 1190 ut
1040 1110 1288 1189 institutione
1323 1136 1371 1186 ac

127 1233 335 1333 disciplina
359 1232 510 1308 scholas
534 1229 711 1332 publicas
736 1232 954 1331 adaequent
978 1229 1086 1306 omni
1103 1253 1196 1304 cura
1211 1227 1369 1327 prospi-

127 1349 307 1426 ciendum
320 1349 341 1384 ”
367 1374 463 1425 esse.

178 1466 355 1566 Denique
379 1465 422 1541 in
449 1466 622 1542 medium
647 1468 821 1567 proferre
849 1465 965 1564 juvat
991 1463 1210 1563 Epistulam
1237 1462 1368 1561 Ency·

126 1582 262 1658 clicam
290 1582 433 1657 Leonis
458 1582 539 1658 ΡΡ.
566 1582 690 1659 XIII.
717 1584 768 1657 ad
794 1581 1008 1681 Episcopos
1034 1579 1188 1655 Galliae
1212 1576 1293 1654 diei
1327 1577 1368 1653 8.

46 1751 49 1757 -
128 1699 241 1775 Febr.
267 1699 385 1797 hujus
411 1697 505 1774 anni
534 1699 641 1794 1884,
659 1724 737 1799 qua
754 1698 961 1773 necessitas
977 1695 1215 1773 educationis
1233 1692 1368 1768 Chris·

127 1815 256 1891 tianae
281 1815 323 1890 in
349 1813 492 1890 scholis
526 1814 735 1891 Catholicis
768 1821 852 1890 tam
885 1811 1209 1889 moderatissimis
1232 1809 1370 1887 verbis

126 1957 244 2031 quam
257 1930 505 2007 solidissimis
518 1931 735 2007 rationibus
750 1957 775 2007 a
787 1956 942 2006 summa
955 1928 1182 2004 auctoritate
1192 1929 1369 2003 docetur.

129 2047 334 2123 “Interest
349 2072 467 2147 quam
485 2047 656 2124 maxime
668 2056 889 2148 susceptam
906 2073 928 2122 e
944 2044 1124 2144 conjugio
1141 2043 1368 2120 Christiano

127 2165 299 2239 sobolem
329 2171 482 2239 mature
511 2165 564 2240 ad
591 2164 793 2263 religionis
822 2169 1029 2263 praecepta
1057 2159 1205 2237 erudiri
1231 2166 1276 2236 et
1301 2185 1370 2237 eas

127 2288 229 2356 artes
254 2280 396 2379 quibus
421 2287 527 2356 aetas
557 2280 721 2380 puerilis
753 2281 807 2357 ad
839 2278 1125 2355 humanitatem
1157 2276 1370 2353 informari

9 2396 225 2507 srsolet
241 2421 329 2472 cum
347 2395 593 2472 institutione
609 2397 793 2496 religiosa
817 2421 901 2472 esse
917 2394 1001 2495 conj
1007 2401 1152 2471 unctas.
1204 2394 1370 2470 Alteras

126 2513 328 2612 sejungere
358 2513 409 2588 ab
438 2513 563 2589 altera
591 2513 697 2590 idem
723 2520 784 2590 est
810 2539 854 2589 ac
882 2511 1014 2610 reipsa
1039 2511 1142 2588 velle
1167 2516 1215 2587 ut
1240 2510 1369 2588 animi

126 2629 294 2727 pueriles
320 2628 362 2704 in
389 2629 522 2704 officiis
539 2655 632 2728 erga
657 2630 784 2705 Deum
801 2628 845 2705 in
862 2635 1042 2704 neutram
1059 2634 1214 2727 partem
1231 2652 1367 2704 more·

126 2753 261 2820 antur:
288 2771 388 2844 quae
405 2745 612 2844 disciplina
628 2746 750 2821 fallax
764 2753 835 2840 est,
853 2752 893 2821 et
913 2744 1144 2845 praesertim
1161 2742 1204 2818 in
1221 2744 1368 2844 primis

126 2886 335 2959 puerorum
366 2861 548 2936 aetatulis
577 2862 915 2960 perniciosissima,
946 2863 1051 2960 quod
1083 2884 1223 2935 revera
1255 2861 1367 2936 viam

125 2977 307 3052 atheismi
340 2977 480 3071 munit,
513 2976 715 3075 religionis
748 2977 912 3077 obsepit.
976 2976 1145 3053 Omnino
1179 2984 1368 3077 parentes

124 3093 245 3168 bonos
261 3118 396 3169 curare
412 3101 576 3192 oportet,
594 3101 639 3169 ut
654 3093 716 3170 sui
732 3095 919 3194 cujusque
938 3093 1052 3169 liberi
1069 3118 1157 3168 cum
1183 3093 1365 3192 primum

125 3234 260 3307 sapere
285 3210 515 3304 didicerunt,
540 3217 747 3310 praecepta
770 3210 972 3310 religionis
997 3209 1226 3309 percipiant,
1246 3217 1292 3286 et
1317 3236 1368 3286 ne

124 3325 219 3424 quid
233 3333 408 3400 occurrat
424 3325 466 3399 in
484 3325 627 3401 scholis
644 3329 748 3426 quod
766 3326 856 3402 fidei
873 3351 1077 3401 morumve
1093 3325 1366 3425 integritatem

125 3441 306 3516 offendat.
358 3441 411 3517 Et
429 3450 473 3516 ut
490 3441 566 3516 ista
585 3441 628 3517 in
644 3442 886 3518 instituenda
910 3442 1043 3517 sobole
1063 3441 1271 3540 diligentia
1296 3444 1365 3518 ad·

124 3557 314 3650 hibeatur,
332 3557 468 3633 divina
486 3565 547 3633 est
567 3558 813 3659 naturalique
838 3559 924 3658 lege
949 3557 1217 3651 constitutum,
1235 3582 1366 3658 neque

124 3652 304 3771 pa'rentes
329 3699 400 3772 per
425 3674 548 3749 ullam
574 3700 730 3750 causam
756 3675 857 3750 solvi
882 3702 928 3751 ea
953 3676 1039 3774 lege
1058 3680 1235 3774 possunt.
1289 3673 1363 3751 Ec·

123 3789 240 3865 clesia
273 3815 377 3883 vero,
412 3789 649 3890 integritatis
691 3790 781 3866 fidei
823 3800 952 3868 custos
991 3797 1032 3869 et
1071 3790 1219 3867 vindex
1259 3817 1364 3893 quae

123 3905 253 3981 delata
285 3905 360 3982 sibi
393 3933 418 3981 a
453 3906 535 3982 Deo
569 3907 768 3983 conditore
801 3932 873 3984 suo
903 3907 1133 3984 auctoritate
1161 3909 1280 3984 debet
1310 3911 1364 3986 ad

122 4021 355 4120 sapientiam
373 4023 636 4098 Christianam
653 4024 855 4100 universas
869 4049 1006 4101 vocare
1021 4031 1168 4123 gentes
1186 4023 1363 4125 itemque

122 4140 257 4214 sedulo
283 4140 416 4215 videre
441 4140 582 4238 quibus
607 4141 805 4215 excolatur
838 4140 1055 4240 praeceptis
1088 4139 1361 4241 institutisque

117 4254 304 4352 juventus
321 4255 478 4355 quaein
496 4255 619 4353 ipsius
636 4264 827 4356 potestate
844 4257 906 4350 sit,
921 4281 1076 4356 semper
1091 4256 1245 4333 scholas
1262 4283 1362 4356 quas

122 4372 323 4469 appellant
349 4372 491 4446 mixtas
516 4372 580 4446 vel
607 4381 764 4447 neutras
792 4381 926 4471 aperte
954 4372 1170 4467 damnavit,
1196 4373 1361 4450 monitis

122 4486 239 4561 etiam
266 4496 383 4586 atque
407 4487 526 4562 etiam
552 4489 911 4587 patribusfamiliaS,
929 4496 974 4565 ut
998 4489 1040 4564 in
1069 4513 1113 4565 re
1142 4489 1246 4565 tanti
1275 4515 1359 4565 mo·

122 4601 243 4677 menti
270 4603 445 4678 animum
480 4606 725 4679 attenderent
758 4607 809 4680 ad
842 4607 1070 4680 cavendum.
1129 4605 1281 4694 Quibus
1316 4605 1359 4681 in
