3142 5242
256 466 280 513 Ε
308 466 748 513 CONGREGATIONIBUS
777 466 988 516 PRIVATIS
1017 467 1262 515 EXCERP'I'A.
1330 448 1403 512 lxlll

165 623 287 689 sarium
306 622 496 689 Generalem
516 622 764 690 Carmelitarum
784 623 1004 690 Calceatorum
1024 610 1059 688 in
1081 623 1132 689 his
1153 623 1331 711 provinciis
1349 623 1404 688 de-

166 728 310 815 gentium
330 750 396 794 nou
414 727 516 793 teneri
535 728 681 794 Concilio
700 727 859 812 interesse,
873 751 948 793 cum
967 737 1059 792 extra
1076 727 1186 793 Status
1201 726 1403 811 Foederatos,

166 831 201 897 id
215 841 264 897 est
278 831 314 896 in
329 831 477 897 Canadae
490 833 621 919 regione
633 831 779 897 resideat

210 935 311 1001 Lecta
324 935 494 1002 Relatione
506 936 680 1001 eorundem
702 936 725 1003 J
728 936 868 1021 udicum,
889 936 989 1002 Adm.
1012 936 1095 1003 Rev.
1117 935 1158 1002 E.
1179 935 1227 1002 H.
1251 936 1404 1019 Brandtz,

166 1038 434 1106 Administratori
447 1039 532 1105 sedis
545 1039 825 1128 Covingtonensis,
840 1041 898 1127 qui
917 1039 959 1106 ad
973 1040 1144 1106 concilium
1163 1063 1237 1104 cum
1256 1039 1405 1127 theologo

165 1166 225 1209 suo
246 1152 388 1227 venerat,
412 1143 519 1209 sedem
547 1143 653 1209 adhuc
679 1166 794 1211 vacare
822 1154 921 1228 ratus,
950 1166 1132 1209 conoessum
1161 1143 1227 1209 suit
1254 1151 1293 1208 ut
1321 1143 1405 1208 inter
1499 1225 1501 1229 Ι

166 1246 280 1313 Patres
303 1271 379 1314 curn
401 1258 480 1314 voto
502 1248 695 1332 consultivo,
720 1249 850 1334 ejusque
874 1247 1053 1335 theologus,
1071 1247 1155 1314 Rev.
1180 1246 1222 1314 G.
1247 1246 1403 1331 Robbers,

165 1351 251 1417 inter
268 1351 445 1437 Synodales
461 1352 658 1418 retineretur.

210 1455 255 1520 In
282 1456 389 1543 prima
416 1456 659 1544 congregatione
681 1455 819 1523 Rdmus.
846 1457 978 1522 Praescs
1003 1457 1156 1523 Patribus
1178 1456 1344 1545 suggessit,
1367 1464 1405 1521 ut

164 1557 377 1625 deliberarent
392 1568 425 1624 et
445 1561 634 1625 sententiam
655 1559 777 1626 ferrent
789 1561 830 1626 de
845 1561 922 1647 jure
943 1560 1090 1648 suffragii
1113 1560 1275 1625 definitivi
1297 1558 1404 1647 quoad

164 1662 247 1729 duos
274 1654 428 1747 Abbates,
453 1686 584 1729 suarum
612 1664 894 1751 congregationum
924 1663 1099 1748 Praesides,
1124 1686 1241 1750 nempe
1269 1662 1403 1729 Rdmos.

165 1766 326 1834 Wimmer
346 1775 380 1832 et
404 1765 613 1848 Mundwiler‚
636 1774 669 1831 et
696 1766 908 1853 Superiorem·
928 1766 1118 1833 Generalem
1140 1767 1404 1854 Congregationis

164 1869 199 1937 Sa
214 1871 350 1954 Crucis,
365 1870 521 1936 Rdmum.
536 1869 642 1936 Sorin.
688 1869 853 1957 Optarunt
865 1871 932 1936 duo
953 1870 1181 1957 Metropolitae
1200 1879 1240 1936 ut
1260 1870 1405 1936 Abbates

165 1997 276 2039 omnes
299 1974 431 2039 infulati
452 1969 566 2042 votum'
595 1974 749 2040 haberent
776 1974 964 2041 decisivum.
1008 1974 1152 2055 Quidam
1175 1974 1262 2040 dixit
1283 1997 1405 2039 morem

165 2077 319 2143 hactenus
329 2077 427 2143 fuisse
437 2086 474 2143 ut
486 2087 563 2143 voto
572 2086 699 2143 tantum
710 2079 891 2144 consultivo
902 2078 1094 2144 fruerentur.
1132 2077 1333 2143 Monuerunt
1346 2078 1404 2143 alii

165 2181 257 2269 prius
270 2182 325 2268 agi
339 2191 485 2268 oportere
498 2181 539 2247 de
555 2182 659 2247 tribus
672 2182 852 2268 praedictis,
866 2181 982 2247 deinde
1003 2182 1044 2246 de
1063 2181 1206 2268 reliquis.
1251 2179 1405 2247 Affirma-

165 2284 217 2352 vit
236 2307 322 2350 unus
344 2284 500 2350 Rdmum.
523 2285 618 2351 Sorin
641 2296 753 2372 utpote
773 2284 976 2371 Superiorem
999 2284 1190 2351 Generalem
1220 2284 1406 2373 Congrega·

166 2389 265 2454 tionis
278 2411 354 2454 suae
368 2389 459 2454 Patri
479 2388 629 2454 Genemli
644 2387 780 2454 Ordinis
800 2389 1024 2475 aequipollere,
1040 2388 1174 2475 ideoque
1195 2389 1231 2453 in
1252 2388 1406 2455 Consiliis

165 2515 294 2580 quoque
314 2492 522 2558 oecumenicis
536 2515 646 2558 vocem
668 2492 784 2558 babere
804 2492 1017 2577 definitivam,
1031 2502 1070 2558 ut
1089 2500 1178 2579 patet
1198 2516 1239 2558 ex
1261 2493 1406 2559 Concilio

165 2595 337 2680 Vaticano,
364 2597 421 2662 ubi
450 2596 511 2662 hoc
542 2596 715 2684 privilegio
743 2597 874 2684 gavisus
902 2606 951 2662 est
978 2596 1116 2663 Rdmus.
1139 2595 1256 2680 Sorin3
1285 2606 1317 2662 et
1345 2596 1407 2663 hoc

165 2723 265 2787 aeque
283 2723 398 2767 verum
415 2723 480 2766 esse
501 2700 542 2765 de
563 2700 857 2787 congregationum
879 2699 1158 2766 Benedictinarum
1179 2700 1405 2787 superioribus.

165 2804 262 2869 Alter
277 2804 465 2891 ambiguum
488 2827 521 2870 se
542 2803 671 2869 haerere
683 2804 778 2887 dixit,
793 2827 835 2869 an
858 2803 1010 2870 Patribus
1032 2804 1130 2891 hujus
1152 2804 1292 2871 Concilii
1313 2803 1407 2870 liceat

165 2908 389 2995 plenissimum
408 2907 470 2974 hoc
488 2907 633 2994 suffragii
648 2909 705 2993 jus
725 2907 858 2973 cuilibet
878 2908 1059 2991 extendere,
1081 2930 1118 2973 eo
1140 2907 1228 2994 quod
1251 2907 1406 2973 Pontifex

165 3013 211 3077 ita
239 3011 341 3098 egerit
369 3011 403 3077 in
433 3010 582 3077 Concilio
607 3010 779 3080 Vaticano.
836 3011 1118 3077 Consentientibus
1147 3012 1216 3077 fere
1243 3012 1405 3096 omnibus,

165 3115 310 3202 quaestio
323 3115 423 3181 relata
437 3114 501 3180 fuit
513 3114 555 3179 ad
570 3114 593 3180 J
595 3114 701 3180 udices
716 3113 970 3180 Excusationum
984 3137 1021 3180 ac
1035 3115 1251 3194 Querelarum
1266 3138 1405 3202 quorum

166 3241 310 3302 numer0,
324 3227 522 3306 proponente
536 3217 797 3304 Broolrlyniensi,
811 3217 915 3283 additi
930 3218 1019 3283 fuere
1033 3216 1228 3284 Dibonensis
1242 3227 1275 3283 et
1291 3218 1406 3284 Seran-

165 3323 316 3389 toncnsis.
911 3315 921 3340 '

210 3427 406 3493 Recurrente
427 3427 527 3493 altera
547 3425 601 3491 die
619 3427 803 3515 quaestione
816 3426 857 3492 de
870 3437 948 3494 voto
962 3426 1103 3493 decisivo
1117 3428 1222 3493 tribus
1236 3428 1406 3514 praedictis

166 3531 341 3619 Religiosis
354 3530 564 3615 concedendo,
577 3554 652 3596 cum
669 3530 801 3596 Judioes
823 3532 904 3597 Exc.
920 3554 957 3596 ao
978 3533 1091 3614 Quen,
1106 3554 1141 3596 re
1161 3531 1354 3618 investigata
1373 3541 1421 3621 et¹

166 3635 320 3702 consultis
342 3635 509 3723 theologis,
531 3644 645 3701 votum
670 3633 875 3700 definitivum
897 3635 937 3700 iis
959 3633 1193 3700 concedendurn
1215 3636 1404 3719 censuerint,

166 3739 327 3826 suffragiis
351 3739 517 3826 sexaginta
537 3739 642 3804 tribus
663 3761 845 3804 concessum
872 3738 946 3805 fuit.
991 3739 1113 3804 Actum
1138 3738 1255 3804 deinde
1279 3738 1345 3804 fuit
1365 3739 1406 3805 de

167 3843 383 3931 propositione
401 3866 467 3930 qua
487 3842 717 3908 extendebatur
737 3843 799 3908 hoc
816 3842 1029 3930 ¹privilegium
1050 3841 1093 3908 ad
1114 3852 1231 3908 ceteros
1252 3843 1405 3909 Abbates.

168 3947 219 4013 Re
232 3948 310 4013 hinc
325 3945 401 4012 inde
422 3947 593 4034 disputata,
608 3945 650 4011 ad
671 3946 824 4034 suffragia
838 3955 973 4014 ventum
994 3957 1051 4013 est.
1097 3946 1225 4033 Rejecta
1246 3946 1311 4011 fuit
1331 3969 1407 4033 pro-

167 4051 294 4139 positio,
309 4049 467 4137 ajentibus
480 4050 599 4136 viginti
614 4059 646 4115 et
660 4059 808 4137 quatuor,
823 4050 1015 4138 negantibus
1029 4049 1251 4138 quadraginta.

213 4155 312 4220 lecta
332 4153 500 4219 Relatione
519 4154 701 4220 eorumdem
723 4153 746 4220 J
748 4153 878 4218 udicum
900 4153 982 4220 Exc.
997 4177 1034 4219 ac
1048 4154 1148 4234 Quer.
1164 4154 1205 4219 de
1226 4153 1345 4222 Remo.
1361 4153 1405 4221 D.

168 4257 324 4344 Manucy,
339 4257 396 4345 qui
410 4258 444 4325 S.
460 4257 541 4323 Sede
554 4257 718 4345 probante,
734 4281 767 4322 se
782 4257 979 4344 Episcopatu
993 4257 1180 4323 Mobiliensi
1194 4258 1405 4342 abdicaverat,

170 4361 323 4427 Patribus
336 4362 444 4426 visum
458 4369 506 4427 cst
525 4384 600 4426 eum
613 4359 655 4426 ad
677 4361 860 4427 Concilium
882 4360 1050 4426 admittere
1070 4370 1225 4447 tanquam
1247 4361 1407 4427 Ecclesiae

169 4464 374 4530 Mobiliensis
403 4465 718 4547 Administratorem,
744 4463 786 4529 ad
815 4463 902 4552 quod
932 4487 1051 4529 munus
1081 4464 1291 4551 Metropolita
1318 4464 1407 4530 Neo-

170 4568 413 4633 Aurelianensis
429 4569 535 4654 ipsum
550 4569 671 4633 interea
684 4568 914 4655 designaverat.
