3142 5242
224 461 281 524 xvi
530 478 760 525 nuenaruu
789 476 1143 524 uncosumron'rs

223 633 435 720 Propagando
455 634 624 720 praepositi
643 634 677 698 iu
695 633 895 720 generalibus
913 633 1051 698 comitiis
1070 631 1189 697 habitis
1202 630 1315 697 diebus
1331 634 1383 713 17,
1399 633 1454 705 24,

224 739 277 819 27,
298 747 331 803 et
355 741 395 803 31
423 738 540 803 mensis
560 738 713 825 Augusti,
733 761 793 803 nec
816 760 882 803 non
907 736 961 803 die
986 740 1007 802 5
1031 734 1228 823 Septembris
1250 736 1330 800 anni
1357 738 1456 818 1885,

222 839 370 927 diligenti
388 841 593 927 inquisitione
606 841 759 924 adhibita,
773 850 870 927 atque
887 838 1037 906 omnibus
1050 848 1196 905 accurato
1209 838 1318 904 studio
1330 837 1456 904 debita-

223 967 286 1031 que
293 944 409 1031 judicii
423 945 604 1010 maturitate
617 945 766 1032 pensatis,
778 943 913 1009 Decreta
925 943 1067 1030 ejusdem
1081 943 1220 1009 Concilii
1233 941 1457 1030 expenderunt

222 1055 265 1132 et,
279 1047 421 1113 nonullis
434 1047 707 1114 emendationibus
724 1070 763 1113 ae
780 1047 1069 1113 modificationibus
1081 1046 1222 1133 adjectis,
1235 1045 1347 1112 eadem
1360 1054 1399 1110 ut
1411 1044 1456 1111 ab

223 1152 371 1218 omuibus
384 1151 426 1216 ad
440 1173 520 1238 quus
533 1160 652 1238 spectat
665 1150 896 1218 iuviolabiliter
909 1151 1118 1218 observentur
1131 1159 1394 1238 recognoverunt.

266 1252 364 1319 Hanc
375 1263 482 1319 autem
501 1254 535 1320 S.
550 1254 813 1342 Congregationis
829 1255 1017 1320 sententiam
1036 1255 1171 1320 Summo
1185 1253 1336 1320 Pontifici
1351 1253 1456 1319 Leoni

223 1357 335 1425 XIII.
360 1381 381 1424 a
405 1357 447 1424 R.
471 1358 510 1424 P.
533 1358 576 1425 D.
599 1358 771 1425 Dominioo
796 1357 940 1424 Iaoobini
965 1357 1107 1445 ejusdem
1132 1357 1166 1424 S.
1189 1357 1457 1446 Congregutionis

224 1460 395 1527 Secretario
418 1463 452 1526 in
474 1463 650 1528 Audientia
668 1463 733 1528 diei
754 1465 796 1528 10
815 1460 1010 1548 Septembris
1032 1465 1118 1528 1885
1139 1462 1283 1545 relatam,
1297 1462 1458 1528 Sanctitas

224 1565 290 1631 Sua
310 1565 447 1652 benigne
463 1566 639 1653 approbare
658 1566 789 1654 dignata
809 1574 865 1648 est,
880 1575 912 1632 et
929 1588 1025 1653 super
1043 1565 1095 1631 his
1113 1588 1260 1653 praesens
1281 1565 1458 1632 Decretum

224 1669 367 1756 expediri
381 1670 557 1737 mandavit.
583 1672 589 1683 “

268 1773 390 1839 Datum
405 1772 526 1838 Romae
544 1796 585 1838 ex
605 1774 748 1840 Aedibus
768 1774 879 1839 Sacrae
898 1774 1163 1860 Congregatiouis
1182 1774 1222 1839 de
1243 1775 1460 1862 Propagandn

225 1878 316 1956 Fide,
331 1877 384 1943 die
399 1879 438 1942 21
455 1876 658 1964 Septembris,
673 1879 772 1943 Anno
788 1881 882 1944 1885.

730 2031 890 2095 lorsam
912 2031 1026 2097 Canu.
1047 2031 1200 2096 Smuoxr
1221 2032 1411 2116 Praefectus.

257 2183 290 2250 ἦ
303 2184 335 2237 D.
352 2186 495 2238 Arteman.
511 2185 622 2236 Trana
638 2185 724 2237 Staret
