3142 5242
233 449 296 511 100
360 462 544 534 arrosus
569 462 742 510 v1.-nn
772 463 1044 512 suvssrurrs
1072 461 1404 510 rnsrrrnrronr..

231 621 281 695 ad
315 620 432 693 finem
471 618 808 717 supernaturalem
848 620 1026 712 adducat,
1062 642 1309 718 nequaquam
1343 617 1468 693 sinere

230 742 368 833 potest,
404 740 449 810 ut
489 741 670 833 parentes
713 733 902 810 Catholici
944 758 1112 833 quorum
1149 740 1235 810 tum
1272 734 1342 832 jus
1383 741 1467 809 turn

229 851 411 926 officium·
428 850 606 926 naturale
639 857 680 926 et
712 850 891 927 divinum
925 856 987 926 est
1019 849 1264 927 Christianae
1297 850 1467 926 filiorum

229 991 388 1042 suorum
416 966 636 1043 educationi
665 967 877 1061 consulere,
902 967 1171 1043 educationem
1200 991 1309 1043 mere
1338 992 1465 1042 saecu·

229 1082 351 1158 larem
370 1083 466 1182 ipsis
483 1090 701 1184 procurent,
715 1083 861 1182 quippe
878 1108 977 1182 quae
994 1083 1051 1159 eis
1068 1083 1198 1158 media
1214 1084 1265 1159 ad
1284 1082 1465 1159 ultimum

228 1200 346 1274 finem
376 1225 491 1275 suum
521 1201 830 1297 cognoscendum
863 1205 903 1274 et
937 1201 1220 1299 assequendum
1252 1200 1467 1275 necessaria

228 1316 478 1414 suppeditare
496 1315 659 1420 minime
675 1315 809 1415 possit.

280 1435 363 1508 195.
395 1432 505 1508 Inter
522 1457 599 1525 eos,
617 1431 684 1532 qui
701 1432 802 1507 hanc
818 1432 1086 1508 educationem
1106 1458 1212 1508 mere
1229 1433 1466 1509 saecularem

227 1557 385 1624 strenue
403 1550 604 1641 advocant,
623 1573 702 1624 non
719 1547 834 1647 pauci
850 1549 1010 1648 quidem
1026 1547 1294 1642 inveniuntur,
1312 1549 1383 1649 qui
1400 1573 1467 1624 neo

226 1663 407 1763 religioni
434 1664 561 1740 ullum
587 1666 776 1740 damnum
802 1664 951 1758 afferre,
978 1689 1048 1740 nee
1067 1664 1268 1764 juventuti
1293 1664 1466 1764 pericula

227 1806 365 1879 parare
388 1780 521 1856 velint.
575 1780 763 1856 Attamen
789 1807 837 1856 ex
861 1779 950 1879 ipsa
973 1780 1032 1856 rei
1057 1789 1198 1856 natura
1223 1781 1412 1880 sequitur,
1429 1789 1465 1857 et

225 1896 452 1973 tristissima
476 1897 594 1972 etiam
621 1897 861 1996 experientia
885 1897 1171 1996 comprobatur,
1196 1897 1464 1973 educationem

226 2036 331 2088 mere
355 2015 592 2088 saecularem
618 2013 809 2113 paulatim
836 2013 892 2087 ita
917 2014 1227 2111 degenerarent
1248 2014 1319 2089 fiat
1340 2013 1462 2090 irreli·

224 2129 333 2230 glosa
359 2136 398 2203 et
425 2128 558 2228 impia,
585 2129 888 2205 adolescentium
914 2128 1005 2205 fidei
1030 2136 1071 2205 et
1096 2129 1270 2204 moribus
1297 2130 1465 2205 maxime

223 2245 450 2346 perniciosa.
503 2245 545 2320 Si
566 2245 671 2320 enim
692 2245 807 2343 juxta
825 2247 945 2320 verba
962 2244 1129 2320 Christi:
1158 2245 1321 2320 “Nemo
1339 2253 1464 2345 potest

223 2363 374 2438 duobus
392 2362 563 2438 dominis
580 2361 747 2438 servire:
784 2368 853 2436 aut
868 2362 974 2437 enim
992 2386 1114 2437 unum
1132 2360 1221 2436 odio
1238 2362 1412 2455 habebit,
1429 2371 1464 2437 et

223 2478 390 2553 alterurn
411 2478 564 2576 diliget3
590 2484 797 2552 autunum
815 2477 1034 2570 sustinebit,
1052 2484 1093 2553 et
1109 2478 1276 2553 alterum
1295 2489 1465 2554 contem·

223 2593 323 2669 net”
365 2593 523 2692 (Matth.
555 2617 612 2671 vr.
643 2595 728 2692 24);
772 2593 805 2668 si
840 2618 968 2693 porro,
997 2593 1113 2691 juxta
1147 2592 1256 2668 aliud
1290 2594 1464 2692 ejusdem

221 2710 380 2787 divinae
418 2710 641 2808 Sapientiae
680 2709 892 2802 oraculum,
937 2709 1049 2799 “Qui
1088 2735 1167 2784 non
1205 2715 1265 2784 est
1302 2735 1464 2799 mecum,

221 2834 355 2901 contra
372 2852 435 2900 me
453 2834 512 2900 est
524 2826 544 2858 ”
569 2825 677 2924 (Luc.
697 2828 858 2920 x1.23);
885 2825 920 2900 si
938 2826 1105 2925 denique
1123 2824 1302 2901 Christus
1316 2827 1465 2925 passim

222 2944 333 3017 docet
358 2942 542 3040 spiritum
569 2942 707 3017 mundi
733 2940 822 3017 odio
848 2944 1018 3041 quodarn
1040 2942 1281 3040 implacabili
1299 2943 1466 3018 asseclas

222 3083 312 3132 suos
338 3058 554 3156 adimplere
580 3064 714 3132 contra
731 3084 807 3150 eos,
826 3056 895 3157 qui
920 3059 1069 3156 Spiritu
1088 3057 1161 3133 Dei
1180 3066 1372 3156 aguntur3
1401 3060 1467 3133 vix

221 3182 350 3272 potest
377 3200 453 3248 non
479 3174 573 3266 fieri,
601 3181 646 3248 ut
665 3174 831 3272 juvenes
857 3174 1000 3273 spiritu
1034 3174 1221 3250 saeculari
1247 3200 1271 3249 a
1296 3176 1468 3274 pueritia

221 3289 374 3382 imbuti,
402 3316 478 3364 non
509 3298 665 3365 tantum
696 3290 888 3366 obcaecati
920 3291 1058 3366 mundi
1087 3298 1292 3383 amatores,
1321 3293 1392 3368 scd
1421 3318 1466 3368 eo

221 3404 306 3504 ipso
333 3407 452 3481 otiam
478 3413 763 3505 contemptores
789 3407 935 3481 Christi
961 3414 1002 3483 et
1026 3407 1241 3482 adversarii
1268 3407 1467 3484 Ecclesiae

221 3523 366 3598 sensim
381 3524 465 3598 sine
479 3549 595 3599 sensu
608 3525 839 3622 plerumque
852 3526 1032 3599 evadant.
1080 3523 1318 3598 Clarissimis
1333 3532 1467 3601 autem
1546 3552 1550 3560 ·

220 3646 303 3713 tarn
329 3640 501 3715 hostium
519 3665 637 3738 quarn
664 3640 963 3715 domesticorum
982 3639 1073 3715 fidei
1093 3638 1331 3715 testimoniis
1353 3643 1465 3718 doce·

221 3768 309 3830 mur
323 3781 530 3831 numerum
544 3781 691 3848 eorum,
706 3755 774 3855 qui
792 3756 842 3830 ob
859 3756 959 3831 hanc
971 3756 1075 3831 inter
1088 3755 1185 3830 alias
1203 3755 1467 3856 principalem

219 3896 388 3965 causam,
408 3874 512 3971 quod
530 3871 756 3946 educatione
781 3897 886 3947 rnere
903 3871 1092 3947 saeculari
1114 3870 1287 3947 instituti
1305 3874 1465 3968 fuerint,

221 3988 270 4061 ab
297 3988 471 4063 Ecclesia
495 3990 728 4081 defecerunt,
755 3995 837 4063 tam
866 3987 1066 4087 ingentem
1097 4013 1191 4080 esse,
1217 3994 1264 4063 ut
1292 3987 1467 4066 inimicis

219 4103 377 4202 quidem
402 4103 610 4203 gaudendi,
635 4103 746 4178 nobis
773 4112 904 4179 autem
931 4103 1089 4179 dolendi
1120 4104 1248 4178 locum
1275 4129 1320 4179 ac
1346 4106 1466 4181 ratio·

221 4245 309 4293 nom
328 4220 446 4295 nimis
465 4221 708 4295 abundanter
725 4222 918 4319 praebeat.

270 4337 354 4411 196.
400 4337 537 4435 Itaque
567 4344 749 4435 parentes
780 4337 999 4413 Catholicos
1030 4363 1108 4413 non
1138 4339 1266 4414 solum
1297 4347 1466 4439 paterno

220 4479 351 4528 amore
376 4453 592 4545 hortamur,
619 4454 687 4527 sed
713 4451 762 4526 iis
788 4453 907 4528 etiam
933 4454 1041 4529 omni
1067 4480 1144 4554 qua
1169 4455 1349 4531 valemus
1375 4482 1464 4531 auc-

218 4569 375 4643 toritate
401 4568 672 4667 praecipimus
698 4576 742 4643 ut
768 4569 1041 4645 dilectissimae
1067 4569 1169 4670 proli
1195 4596 1299 4663 suae,
1327 4597 1352 4646 a
1380 4572 1464 4646 Deo
