3142 5242
169 459 234 523 254
662 474 906 522 neesunrx.

166 630 360 719 dispensatio
374 643 453 699 essct
467 632 629 698 invalida:
653 630 750 719 idque
764 654 801 696 ea
814 630 1011 696 sanctissima
1023 631 1064 696 de
1077 654 1173 697 musa
1186 643 1319 698 cautum
1334 634 1402 716 suit,

129 814 132 819 ¹
168 746 205 802 ut
218 738 259 802 ab
273 737 335 802 hoo
347 738 539 824 gravissimo
553 736 687 801 crimine
701 734 932 801 Christifideles
944 745 1135 802 arcerentur.

211 839 309 906 Hanc
322 840 355 908 S.
368 840 459 906 Sedis
473 851 611 906 mentem
626 848 785 905 testantur
794 848 865 904 tum
878 837 942 904 alia
951 839 1150 923 documenta,
1161 849 1234 905 tum
1246 841 1403 907 decretum

166 944 254 1032 quod
268 945 442 1011 novissime
455 967 640 1031 supremum
653 954 779 1009 sanctae
791 965 940 1009 romanae
958 951 992 1008 et
1009 944 1202 1008 universalis
1217 944 1403 1033 Inquisitio-

167 1050 219 1115 nis
243 1048 424 1133 consilium,
446 1049 517 1136 ipso
541 1047 737 1135 adprobante
761 1046 909 1112 Romam
938 1047 1104 1130 Pontifioe,
1126 1048 1209 1113 feria
1233 1068 1287 1116 Ν.
1309 1049 1399 1115 dial

167 1152 309 1240 Augusti
325 1156 410 1220 1866
425 1153 513 1236 tulit,
524 1151 612 1240 quod
627 1160 674 1218 est
687 1150 891 1238 hujusmodi:
913 1151 1147 1238 “subreptitias
1159 1175 1229 1219 esse
1242 1163 1277 1219 et
1291 1154 1402 1219 nullrbi

167 1281 204 1323 aa
223 1257 315 1323 nullo
337 1258 434 1323 modo
448 1257 555 1323 valere
572 1257 822 1344 dispensationes
836 1278 918 1344 qnae
936 1255 1006 1322 sive
1023 1254 1143 1322 directe
1159 1257 1204 1322 ab
1219 1258 1403 1344 Apostolim

167 1361 248 1427 Sede
271 1363 342 1428 sive
365 1384 407 1427 ex
435 1361 600 1449 pontificia
623 1360 822 1448 delegatione
848 1382 946 1446 super
968 1360 1226 1448 quibuscumque
1253 1362 1403 1449 gradibus

167 1466 338 1555 prohibitis
358 1466 653 1553 consanguinitatis,
672 1464 847 1547 affinitatis,
866 1463 1065 1551 cognationis
1084 1465 1265 1552 spiritualis
1286 1490 1402 1532 necnon

167 1579 199 1636 et
212 1571 358 1658 publicae
370 1570 546 1636 honestatis
560 1569 786 1654 conceduntur,
799 1569 828 1634 si
844 1569 953 1656 sponsi
967 1578 1041 1633 ante
1054 1568 1229 1635 earundem
1242 1570 1403 1659 dispensa·

165 1676 291 1741 tiormm
301 1675 529 1759 executionem,
540 1675 609 1741 sive
623 1684 697 1740 ante
706 1674 776 1740 sive
789 1682 862 1760 post
874 1696 984 1738 earum
997 1673 1257 1760 impetrationem
1271 1676 1403 1743 incastus

106 1842 110 1850 .
166 1790 287 1846 reatum
302 1780 517 1867 patraverint=
536 1788 569 1844 et
580 1779 631 1846 vel
647 1777 834 1865 interrogati
844 1777 898 1844 vel
912 1778 1008 1843 etiam
1023 1800 1089 1844 uon
1102 1778 1304 1867 interrogati,
1315 1781 1403 1846 mali-

165 1885 244 1949 tiose
258 1883 312 1951 vel
331 1885 428 1949 etiam
447 1883 630 1971 ignoranter
648 1882 833 1948 reticuerint
850 1882 999 1968 copulam
1019 1881 1231 1949 incestuosam
1251 1885 1339 1951 iuter
1355 1909 1402 1951 eos

166 1990 288 2072 initam,
309 1989 381 2055 sivo
401 1987 529 2076 publice
549 2011 587 2054 ea
607 1997 684 2052 nota
704 1987 749 2052 sit
768 1987 839 2053 sive
862 1987 959 2052 etiam
984 1986 1118 2070 occulta,
1139 1987 1194 2055 vel
1221 1990 1402 2056 reticuerint

164 2093 335 2159 concilium
354 2101 387 2158 et
405 2082 694 2180 intentionemque
706 2091 838 2157 eandem
858 2091 1008 2178 copulam
1021 2091 1174 2176 inierunt,
1190 2104 1230 2158 ut
1242 2092 1422 2181 dispensa,

164 2199 284 2265 tionem
305 2196 432 2262 facilius
452 2193 727 2284 assequerentur.''
770 2195 805 2262 S.
822 2195 1070 2261 Poenitentiaria
1088 2196 1237 2283 vestigiis
1258 2198 1401 2264 insistens

164 2324 329 2388 supremae
343 2299 569 2387 Inquisitionis
584 2299 619 2366 id
634 2300 740 2387 ipsum
754 2297 807 2365 die
821 2302 865 2365 20
879 2299 902 2365 J
903 2299 963 2363 ulii
979 2302 1064 2365 1869
1079 2300 1202 2367 statuit.

207 2406 336 2476 Verum
350 2428 425 2470 cum
439 2404 573 2491 plurimi
587 2427 749 2470 sacrorum
763 2404 945 2488 Antistites,
959 2404 1030 2469 sive
1042 2427 1185 2470 seorsum
1199 2406 1325 2495 singuli
1338 2407 1400 2473 sive

163 2509 368 2597 conjunctim,
383 2508 418 2576 S.
433 2508 509 2575 Sedi
523 2508 702 2593 retulerint,
717 2509 861 2574 maxima
878 2531 917 2574 eo
934 2507 977 2574 de
993 2530 1089 2574 eausa
1102 2509 1181 2574 oriri
1202 2510 1399 2577 incommoda

84 2692 90 2699 .
163 2638 236 2681 cum
257 2612 300 2680 ad
321 2612 607 2680 matrimonialium
628 2612 903 2699 dispensationum
924 2613 1142 2678 executionem
1162 2615 1359 2700 proceditur,
1371 2624 1399 2681 et

163 2720 247 2784 hisce
268 2718 452 2805 praesertim
474 2717 599 2782 miseris
617 2716 814 2803 temporibus
833 2716 867 2781 iu
888 2716 1032 2781 fidelium
1052 2718 1226 2803 perniciem
1248 2743 1315 2785 non
1335 2744 1397 2785 raro

163 2846 294 2910 vergere
307 2822 394 2910 quod
415 2823 451 2886 in
470 2844 580 2887 corum
594 2821 730 2886 salutem
745 2821 903 2907 sapienter
917 2821 1086 2886 inductum
1101 2822 1218 2906 fuerat,
1234 2824 1395 2890 Sanctissi-

163 2951 235 2992 mus
247 2927 289 2993 D.
301 2927 345 2992 N.
357 2927 434 3009 Leo,
444 2926 558 2991 divina
568 2924 771 3012 providentia
783 2925 872 3011 Papa
880 2925 1003 3009 XIII,
1012 2949 1122 2990 eorum
1133 2928 1396 3012 postulationibus

163 3040 335 3119 pennotus,
348 3054 382 3094 rc
392 3030 451 3095 diu
462 3040 494 3094 et
504 3039 627 3095 mature
638 3053 801 3116 perpensa,
813 3039 845 3093 et
855 3029 1007 3116 suffragio
1018 3030 1192 3095 adhaerens
1205 3033 1395 3099 Eminentis

163 3137 317 3200 simorum
339 3135 372 3200 S.
390 3135 431 3199 R.
448 3134 489 3199 Ε.
506 3133 728 3200 Cardinalium
745 3135 779 3198 iu
794 3135 944 3199 universa
958 3134 1143 3200 Christiana
1162 3138 1328 3222 republica
1341 3160 1396 3202 una

163 3263 287 3304 mecum
299 3239 527 3325 inquisitorum
542 3238 748 3323 generalium,
760 3238 852 3303 hasce
867 3237 974 3302 literas
985 3238 1134 3304 omnibus
1149 3240 1296 3307 locorum
1307 3243 1396 3307 Ouli-

162 3344 261 3408 nariis
272 3343 393 3407 (laudas
402 3343 509 3428 jussit,
520 3342 636 3429 quibus
647 3342 693 3407 eis
704 3351 816 3407 uotum
827 3343 924 3424 ficret,
936 3343 1098 3407 decretum
1109 3345 1258 3430 superius
1268 3347 1396 3411 relatum

163 3471 188 3513 s.
204 3470 352 3512 romanae
367 3456 399 3511 et
414 3445 605 3512 universalis
623 3446 848 3533 Inquisitionis
866 3455 899 3511 et
918 3447 950 3512 S.
968 3446 1249 3533 Paenitentiariae,
1265 3462 1297 3516 et
1311 3450 1397 3538 quid-

162 3550 242 3638 quid
262 3551 297 3615 in
317 3551 454 3615 eundem
468 3573 597 3614 sensum
617 3549 696 3615 alias
714 3549 919 3633 deelaratum,
935 3560 1092 3616 statutum
1109 3561 1168 3617 aut
1186 3555 1275 3639 stylo
1289 3555 1396 3621 Curiae

163 3656 330 3720 inductum
346 3656 455 3737 fuerit,
469 3678 489 3719 a
510 3678 544 3719 sc
562 3654 716 3736 rovocari,
730 3654 887 3740 abrogari,
903 3655 1087 3741 nulliusque
1104 3657 1233 3723 'roboris
1256 3660 1397 3745 imposte·

162 3784 235 3824 rum
250 3760 319 3823 foro
332 3758 478 3839 decerui;
501 3757 660 3844 simulque
677 3758 776 3822 statui
794 3767 828 3822 ct
845 3757 1009 3841 declarari,
1024 3759 1278 3845 dispensationes
1294 3763 1397 3828 matri·

162 3863 316 3928 moniales
331 3862 461 3947 posthae
474 3861 698 3943 concedendas,
709 3861 832 3925 etiamsi
846 3862 962 3948 copula
975 3863 1152 3929 incestuosa
1166 3865 1220 3929 vel
1235 3867 1397 3931 consilium

161 3980 192 4033 et
208 3967 342 4031 intentio
358 3989 494 4051 peream
510 3965 635 4030 facilius
645 3965 913 4051 dispensationem
930 3966 1122 4052 impetrandi
1138 3970 1264 4035 reticita
1275 3970 1396 4052 suerint,

161 4072 286 4138 validus
314 4070 456 4134 futums:
493 4071 659 4134 contrariis
687 4070 942 4157 quibuscumque
967 4071 1062 4135 etium
1087 4073 1217 4158 speciali
1243 4076 1397 4140 mentione

161 4175 268 4261 (liguis
282 4174 417 4238 minime
430 4174 637 4239 obstantibus

207 4280 297 4344 Dum
311 4287 419 4343 tamen
438 4277 481 4342 ob
498 4279 687 4363 gravissima
702 4280 863 4344 rationum
883 4292 1089 4345 monumenta
1108 4305 1127 4346 a
1146 4284 1286 4368 pristino
1299 4286 1397 4372 rigore

162 4384 222 4451 hae
242 4404 339 4468 super
364 4405 398 4446 re
423 4381 648 4447 Sanctissimus
674 4383 770 4447 Pater
796 4383 932 4469 benigue
957 4385 1169 4450 recedendum
1193 4387 1294 4472 ducit,
1314 4411 1397 4454 mens

162 4489 263 4573 ipsius
278 4497 333 4568 est,
351 4495 387 4549 ut
409 4485 493 4550 nihil
516 4485 555 4550 (le
573 4486 704 4550 horrore
721 4510 817 4574 quem
837 4488 975 4552 incestus
994 4489 1114 4554 erimcu
1136 4491 1281 4577 ingerere
1299 4493 1395 4573 debet,

161 4616 200 4656 ex
217 4590 360 4655 fidelium
376 4589 535 4654 mentibus
551 4588 755 4671 detrahatur;
783 4592 847 4655 imo
862 4614 939 4657 vero
953 4615 1081 4658 summo
1095 4595 1204 4660 studio
1219 4597 1398 4662 excitandos
