3142 5242
234 450 298 512 286
728 462 974 511 aeeaunrx.

231 630 368 708 quantae
381 642 418 686 ea
432 620 556 686 miserie
569 619 655 685 hisce
669 617 866 705 temporibus
880 617 990 685 futura
1003 619 1046 684 sit
1060 618 1206 687 utilitati.
1252 619 1309 686 Ex
1322 618 1471 706 precandi

232 734 337 789 autem
360 722 509 789 formulis
529 746 600 789 eam
623 721 776 810 Episcopi
797 722 1066 788 commendabunt
1085 724 1237 807 maxime,
1250 744 1336 810 quae
1354 745 1376 788 a
1396 722 1470 787 Dei·

232 849 326 914 parae
351 827 489 892 Rocorio
513 849 632 893 nomen
659 824 765 909 habet,
790 847 951 914 quamque
977 834 1143 914 tamquam
1167 826 1472 913 praoetantiaeimam

230 930 438 1019 amplissimis
453 931 602 996 laudibus
620 928 708 995 haud
727 929 775 995 ita
791 930 918 1016 pridem
936 929 1162 997 &notissimus
1176 930 1342 997 Dominus
1355 930 1473 996 Noster

231 1044 443 1122 prosequutus
456 1044 505 1101 est
518 1044 551 1100 et
564 1034 798 1121 impensissime
811 1033 994 1101 inculcavit
1035 1033 1129 1100 Inter
1141 1057 1239 1122 opera
1251 1056 1332 1102 vero
1345 1035 1472 1121 pietatis

231 1161 268 1205 ea
287 1137 418 1226 eligant,
433 1161 515 1225 quae
536 1138 619 1205 obiri
640 1137 683 1203 ab
704 1138 745 1203 iis
765 1138 870 1204 solent
882 1139 940 1226 qui
952 1138 1073 1203 tardum
1093 1138 1127 1205 S.
1144 1138 1311 1204 Francisei
1325 1138 1472 1206 Ordinem

144 1270 151 1279 ¹
231 1244 431 1330 profitentur,
447 1243 532 1309 inter
545 1264 626 1330 quos
645 1243 728 1307 sicut
746 1251 778 1308 et
797 1242 882 1308 inter
894 1242 1018 1308 sodales
1031 1242 1065 1310 S.
1080 1242 1250 1313 Vincentii
1264 1266 1285 1308 a
1299 1242 1407 1309 Paulo
1420 1242 1471 1309 vel

231 1345 396 1412 Marianos
416 1369 483 1434 quo
504 1346 613 1434 plures
634 1346 703 1411 fieri
728 1346 847 1433 poterit
866 1346 1108 1412 conscribendos
1129 1345 1298 1430 curabunt,
1321 1357 1362 1413 nt
1381 1370 1470 1434 prae-

230 1449 405 1516 clarissima
419 1473 514 1537 opera
527 1472 609 1537 quae
630 1459 721 1516 tanto
742 1472 816 1515 cum
837 1449 985 1517 catholici
1005 1451 1092 1516 orbis
1112 1449 1229 1538 plausu
1243 1458 1277 1516 et
1289 1451 1470 1516 animarum

230 1552 337 1620 fructu
351 1554 393 1620 ab
407 1554 519 1620 iisdem
534 1565 741 1642 peraguntur,
755 1553 852 1620 latius
866 1554 901 1619 in
915 1553 984 1620 dies
997 1564 1137 1622 manent.

276 1660 349 1725 10⁰.
371 1658 543 1746 Optimum
558 1656 695 1745 denique
715 1658 802 1724 factu
823 1668 914 1743 esset,
928 1660 957 1724 si
971 1658 1027 1724 ubi
1050 1659 1085 1725 id
1106 1658 1249 1725 locorum
1270 1670 1302 1727 et
1323 1683 1469 1748 persona·

114 1738 119 1749 ,
229 1785 303 1828 rum
317 1762 469 1828 adiuncta
481 1761 627 1845 siverint,
641 1762 815 1828 catholicae
827 1763 1030 1829 scientiamm
1042 1763 1231 1828 Academiae
1243 1763 1467 1848 excitarentur,

230 1865 344 1954 illique
363 1866 515 1953 perutiles
534 1877 710 1932 conventus
728 1887 784 1931 seu
797 1865 993 1951 Groproeeue,
1006 1867 1056 1932 uti
1070 1875 1196 1951 vocant,
1209 1867 1417 1953 haberentur,
1428 1867 1469 1935 ad

229 1994 310 2058 quos
331 1971 428 2035 unius
446 1969 499 2037 vel
522 1970 666 2057 plurium
688 1971 857 2057 regionum
879 1970 1043 2036 lectissimi
1064 1970 1209 2037 homines
1229 1969 1468 2058 deputarentur,

229 2097 345 2162 eosque
368 2075 546 2161 praesentia
569 2096 629 2140 suu
650 2096 813 2139 sacrorum
835 2073 1009 2140 Antistites
1033 2074 1200 2141 honestare
1223 2097 1291 2141 non
1315 2075 1467 2164 dedigna-

230 2188 351 2261 rentur,
381 2187 419 2243 ut
447 2178 544 2243 simul
575 2178 708 2244 consilia
736 2179 782 2243 rei
818 2177 991 2244 catholicae
1018 2177 1242 2266 provehendae
1269 2179 1335 2246 sub
1361 2202 1468 2247 eorum

229 2283 380 2369 auspiciis
404 2282 491 2366 iniri,
508 2291 541 2347 et
561 2304 643 2369 quae
664 2291 736 2348 turn
758 2281 835 2347 huic
852 2290 925 2347 turn
944 2282 1093 2370 publicae
1112 2282 1248 2348 utilitati
1269 2283 1376 2372 magis
1396 2307 1469 2351 con·

229 2385 347 2470 ferunt,
368 2386 467 2451 statui
488 2385 786 2473 possent—Neque
806 2386 864 2451 abs
886 2408 920 2451 re
940 2396 1021 2452 esset
1041 2387 1080 2470 si,
1102 2387 1159 2474 qui
1179 2387 1243 2453 sibi
1268 2388 1467 2475 provinciam

228 2489 480 2577 depoposcerunt
500 2490 636 2555 assiduis
656 2489 783 2575 scriptis
804 2500 836 2556 et
858 2488 1133 2557 lucubrationibus
1146 2490 1342 2558 defendendi
1356 2491 1420 2557 Dei
1436 2501 1467 2558 et

230 2594 390 2660 Ecclesiae
409 2593 491 2677 iura,
506 2603 537 2660 et
558 2592 720 2659 recidendi
740 2616 843 2661 novos
857 2593 914 2682 qui
936 2594 972 2660 in
986 2593 1055 2661 dies
1074 2595 1282 2662 suboleseunt
1301 2606 1467 2662 ermreset

227 2698 458 2782 cavillationes
479 2698 595 2762 sociato
615 2699 748 2782 agoniae,
770 2698 940 2785 Episcopis
960 2698 1108 2783 ducibus,
1129 2698 1331 2767 dimicarent.
1381 2699 1465 2766 Fieri

229 2804 315 2868 euim
340 2825 406 2867 unu
432 2811 545 2888 potest,
570 2802 661 2889 quin,
686 2801 714 2867 si
741 2803 827 2868 vires
854 2825 964 2867 omnes
993 2826 1075 2890 quae
1100 2803 1231 2870 vividae
1254 2805 1373 2889 adhue,
1399 2804 1465 2870 Deo

228 2906 415 2992 opitulante,
431 2907 465 2969 iu
482 2906 623 2971 Emlesia
636 2907 750 2992 vigent
770 2905 954 2993 valentque,
968 2906 1003 2971 in
1025 2906 1111 2972 idem
1133 2909 1361 2992 consenserint,
1375 2909 1465 2974 uber·

227 3011 302 3074 rimi
317 3010 496 3075 referantur
510 3010 632 3074 fruetus
646 3009 688 3075 ad
708 3009 895 3074 hodiernam
909 3009 1078 3075 hominum
1093 3010 1274 3076 societatem
1288 3012 1332 3077 ab
1346 3011 1465 3077 exitiali

228 3113 411 3199 iniquarum
425 3124 581 3178 sectarum
597 3114 784 3200 contagione
798 3112 1036 3196 vindicandam,
1051 3124 1082 3179 et
1098 3114 1132 3178 in
1147 3113 1271 3180 Christi
1289 3115 1465 3181 libertatem

227 3218 436 3283 asserendam.

273 3322 345 3387 110.
368 3323 462 3401 Quae
476 3321 628 3387 lractenus
642 3321 804 3409 proposita
818 3331 904 3405 sunt,
919 3322 1006 3387 haud
1029 3323 1073 3388 ita
1096 3322 1189 3388 facile
1207 3334 1356 3410 optatum
1372 3327 1464 3390 finem

226 3437 442 3511 assequentur,
456 3426 520 3490 nisi
542 3426 628 3491 vires
650 3427 812 3508 uniantur,
827 3449 864 3490 ac
884 3426 1020 3512 proinde
1040 3427 1103 3491 nisi
1125 3426 1370 3515 Arehiepiscopi
1392 3452 1464 3494 cum

227 3530 294 3593 suis
314 3528 522 3616 suffraganeis
544 3553 608 3595 uua
626 3530 843 3594 consuluerint
864 3539 897 3595 et
917 3531 1094 3613 statuerint,
1110 3529 1189 3617 quid
1211 3530 1297 3597 facto
1318 3555 1402 3619 opus
1414 3533 1464 3615 sit,

226 3643 264 3698 ut
277 3632 425 3718 Supremi
441 3632 583 3697 Pastoris
597 3632 762 3698 desideriis
776 3631 1017 3700 obsecundetur.
1062 3634 1173 3717 Cuius,
1188 3636 1273 3700 sieut
1294 3646 1327 3700 et
1349 3636 1463 3723 Supre-

226 3761 297 3803 mae
310 3737 441 3802 huiusce
455 3737 727 3824 Congregatiouis,
743 3738 778 3802 in
792 3738 877 3803 votis
895 3746 944 3803 est
957 3747 995 3803 ut
1014 3761 1124 3803 eorum
1138 3739 1261 3825 singuli
1276 3741 1463 3827 quantocius

226 3841 418 3925 renuntient,
448 3850 481 3906 et
516 3840 724 3926 imposterum
752 3842 877 3928 quoties
911 3850 1031 3907 statum
1060 3841 1238 3907 describent
1273 3843 1462 3925 dioeffleon,

226 3947 342 4011 referre
364 3968 404 4009 ue
424 3947 686 4031 praetermittant,
701 3946 781 4032 quid
802 3947 938 4033 quisque
951 3945 1004 4012 vel
1024 3947 1214 4032 singillatim
1228 3947 1283 4014 vel
1306 3971 1463 4014 unacum

225 4050 291 4114 suis
315 4049 350 4113 in
374 4048 570 4135 Episcopatu
593 4049 723 4136 collegis
746 4049 879 4135 egerint,
902 4058 934 4114 et
956 4072 1052 4136 quem
1075 4051 1200 4115 exitum
1223 4073 1335 4116 eorum
1360 4051 1462 4116 studia

225 4154 338 4219 sortita
358 4152 488 4218 fuerint.

270 4256 392 4320 Datum
408 4255 529 4320 Ronrae
543 4280 583 4320 ex
599 4257 796 4322 Cancellaria
811 4257 844 4322 S.
860 4258 901 4322 Ο.
917 4256 969 4322 die
987 4261 1028 4322 10
1044 4258 1125 4322 Maii
1144 4264 1238 4325 1884.

906 4411 1089 4476 Burmann
1112 4414 1225 4479 Cano.
1250 4415 1418 4480 illusam.
