3142 5242
162 454 227 516 198
545 532 552 543 ¹
657 466 905 515 aeesxurx.

159 626 377 707 orientalibus,
393 624 667 704 meridionalibus,
681 623 941 707 occidentalibus,
955 634 987 689 et
1006 624 1327 710 septentrionalibus,
1339 634 1400 691 mm

160 731 196 795 in
218 729 332 795 insulis
353 752 451 816 quam
474 728 508 793 in
529 728 778 809 continentibus,
796 738 830 793 et
849 727 987 814 denique
1009 727 1270 815 inquibuslibet
1293 728 1400 793 mundi

160 834 314 921 partibus,
329 834 444 897 decimo
465 856 551 897 ontio
573 834 633 897 iter
651 832 827 918 suscipiant
843 842 885 913 et,
901 831 973 897 Deo
985 832 1188 915 concedente,
1203 831 1400 919 perficiant.”

205 942 236 1004 4.
261 938 332 1002 Iam
349 960 426 1003 vcro
438 960 530 1024 saepe
543 938 723 1025 quaesitum
745 935 819 1019 fuit,
834 935 994 1001 undenam
1015 937 1049 1000 in
1068 936 1292 1022 computando
1307 938 1400 1002 trien·

161 1044 226 1123 nio,
238 1041 451 1129 quadriennio
464 1054 522 1107 ete.
537 1040 679 1107 exordiri
694 1050 848 1127 oporteat.
893 1040 939 1106 Et
952 1040 1085 1128 quidem
1097 1038 1157 1105 alii
1178 1040 1309 1128 opinati
1330 1050 1401 1106 sunt

160 1169 197 1211 ea
222 1146 375 1232 temporis
400 1145 571 1210 intervalla
595 1145 771 1231 Episeopos
794 1156 979 1231 computare
1002 1143 1116 1209 debere
1139 1167 1161 1208 a
1181 1144 1249 1229 die,
1272 1168 1340 1232 quo
1362 1142 1400 1209 ad

161 1249 276 1317 Sedent
299 1249 510 1336 episcopalem
535 1250 570 1314 in
594 1249 792 1315 Consistorio
813 1248 990 1314 renunciati
1013 1260 1100 1333 stmt,
1121 1258 1180 1313 aut
1203 1272 1272 1336 quo
1295 1249 1401 1315 literae

161 1354 366 1441 Apostolioec
390 1353 469 1440 ipsis
493 1354 659 1441 expeditae
683 1353 812 1419 fuerunt
824 1380 833 1435 3
865 1353 923 1418 alii
947 1376 968 1419 a
989 1351 1043 1419 die
1066 1354 1326 1437 consecrationis,
1347 1352 1399 1418 alii

161 1457 300 1546 denique
314 1482 333 1523 a
347 1458 401 1523 dic
421 1468 564 1544 acceptae
584 1458 676 1524 Sedis
697 1457 912 1544 posseaiouis.
956 1456 1101 1537 Quidam
1122 1457 1222 1522 etiam
1238 1458 1399 1523 existima-

160 1573 237 1628 runt
267 1562 397 1627 initium
422 1562 575 1649 temporis
598 1561 640 1627 ad
665 1584 706 1628 ss.
734 1561 902 1626 Liminum
928 1561 1160 1629 l'isitationem
1187 1561 1398 1648 peragendam

160 1666 352 1733 sumendum
380 1690 447 1732 esse
471 1690 491 1732 a
515 1665 578 1749 dic,
604 1690 669 1753 quo
694 1665 844 1731 dioecesis
868 1678 970 1731 erecta
999 1664 1074 1731 fuit.
1118 1664 1212 1730 Hinc
1241 1665 1284 1731 ad
1312 1686 1399 1730 amm

160 1771 195 1837 S.
211 1770 477 1858 Congregationis
491 1771 639 1858 pervenit
652 1770 776 1837 variam
797 1769 858 1835 hac
878 1792 975 1856 snper
989 1792 1023 1834 re
1037 1768 1137 1834 variis
1157 1769 1193 1833 in
1216 1768 1399 1857 regionibns

160 1874 288 1963 praxim
304 1874 496 1939 invalescere
509 1875 657 1961 coepisse.

205 1982 236 2045 5.
263 1977 319 2044 Ad
341 2001 451 2043 omnes
472 1978 658 2064 hujusmodi
680 1977 847 2065 opiniones
867 2001 886 2044 e
907 1978 1012 2044 medio
1033 1976 1268 2044 tollendas0sat
1288 1988 1345 2061 cst,
1366 2000 1399 2042 ea

160 2106 242 2172 quae
255 2082 369 2148 Sixtus
383 2082 431 2150 Υ.
446 2083 622 2165 coustituit,
636 2082 747 2147 sedulo
763 2082 936 2169 inspicere3
956 2093 1064 2169 aperte
1084 2082 1172 2147 enim
1194 2082 1230 2146 in
1247 2083 1265 2160 5
1280 2088 1302 2149 8
1316 2083 1399 2150 Con·

160 2187 337 2253 stitutionis
351 2186 510 2273 praefatae
524 2186 722 2270 enunciatur,
736 2209 756 2251 a
769 2186 823 2252 die
836 2185 1063 2273 publicationis
1078 2185 1222 2251 eiusdem
1238 2186 1399 2252 Constitu·

160 2289 259 2357 tionis
272 2289 449 2377 Episcopos
462 2288 504 2355 ad
518 2312 559 2356 ss.
570 2290 802 2376 Apostolorum
816 2290 937 2356 eineroe
950 2288 1128 2355 visitandos
1141 2291 1278 2356 omnino
1291 2288 1398 2355 teneri.

161 2392 442 2475 Quemadmodum
465 2393 565 2481 igitur
585 2393 697 2459 scribit
717 2392 915 2481 Fagnanns,¹
936 2393 1097 2482 praedicta
1118 2416 1280 2459 annorum
1301 2395 1400 2482 spatia

161 2498 311 2563 omnibus
340 2497 501 2585 incipiunt
527 2521 653 2563 currem
680 2521 701 2564 a
725 2497 789 2582 die,
814 2521 879 2585 quo
908 2496 1001 2564 bulla
1024 2496 1110 2563 sixti
1134 2497 1185 2565 V.
1211 2498 1301 2565 edita
1328 2498 1398 2581 fnit,

161 2603 222 2669 hoc
235 2610 283 2666 aa
297 2626 317 2667 a
330 2602 383 2667 dic
398 2604 441 2668 20
456 2601 642 2667 Decembris
658 2606 754 2669 1585.
799 2588 874 2668 ch
888 2600 1111 2668 difficultatem
1134 2601 1307 2685 facessunt,
1321 2626 1400 2692 quae

161 2707 196 2771 in
220 2707 236 2784 ξ
260 2707 279 2771 7
303 2706 454 2793 leguntur
466 2733 475 2788 ;
505 2729 590 2789 rrum,
614 2715 650 2772 ut
672 2707 758 2772 idem
780 2708 906 2772 Auctor
926 2706 1074 2772 observat
1095 2706 1227 2773 “verba
1247 2706 1400 2772 bullae-

161 2811 253 2875 Haeo
275 2818 375 2874 oedem
398 2834 552 2875 carnorum
577 2812 791 2897 spatio-non
818 2811 863 2876 ita
887 2821 965 2876 sunt
988 2808 1181 2897 accipienda,
1206 2820 1245 2877 ut
1271 2811 1398 2876 initium

161 2914 408 3000 computationis
429 2914 558 2979 triennii
574 2915 626 2979 vel
646 2914 849 3002 quadriennii
864 2926 922 2982 ete.
937 2916 1021 2981 sumi
1042 2914 1196 2980 debeata
1218 2915 1273 2981 die
1294 2938 1398 2981 conse·

161 3019 320 3100 emtionis
341 3018 548 3104 susceptionis
570 3019 621 3083 vel
645 3019 863 3084 translationis
883 3018 1081 3102 huiusmodi,
1096 3018 1151 3083 sed
1173 3018 1261 3083 hunc
1282 3018 1398 3085 habent

161 3146 299 3205 sensnm,
315 3132 351 3187 ut
366 3146 402 3188 co
418 3123 566 3209 ipsoque
581 3124 653 3210 quis
668 3134 716 3189 est
729 3134 937 3207 consecratus,
952 3123 1084 3209 incipiat
1101 3122 1163 3188 sibi
1177 3146 1307 3189 ennete
1319 3123 1399 3190 obli·

160 3227 247 3312 gatio
263 3226 413 3291 visitandi
431 3227 571 3309 Limina,
583 3251 649 3292 non
663 3239 770 3292 cirtem
787 3238 825 3293 ut
837 3229 941 3314 spatia
953 3226 1137 3313 supradicta
1149 3227 1192 3292 ab
1206 3251 1246 3293 eo
1258 3237 1399 3315 tempore

161 3330 337 3416 computari
360 3330 503 3396 debeant.
548 3331 594 3396 Et
614 3332 697 3396 hanc
717 3330 1011 3417 interpretationem
1032 3331 1399 3417 semper-habueruntea

161 3435 259 3499 verba
274 3435 308 3498 in
323 3434 356 3500 S.
373 3435 410 3501 C.
427 3435 575 3502 Concilii.
620 3435 711 3500 Haec
724 3446 831 3501 autem
845 3437 1040 3522 computatio
1062 3436 1131 3500 fieri
1151 3435 1249 3501 debet
1268 3436 1311 3502 ab
1332 3437 1399 3523 ipsa

161 3538 214 3603 dic
229 3538 452 3625 publicationis
467 3538 582 3604 Bnllac
596 3538 768 3623 exclusive,
783 3548 816 3605 et
832 3540 878 3605 sic
897 3540 932 3604 in
950 3540 1014 3605 fine
1027 3540 1182 3627 cuiusque
1195 3540 1328 3605 triennii
1342 3550 1397 3606 ete.

161 3643 214 3708 vel
229 3641 371 3707 decennii
395 3642 519 3728 integra
532 3642 600 3706 dies
616 3644 772 3729 vigesima
786 3643 972 3709 Decembris
985 3644 1069 3708 cedit
1082 3643 1252 3710 commodo
1267 3644 1398 3731 Episco-

160 3770 287 3833 pornm,
311 3745 390 3810 adeo
415 3754 450 3810 ut
474 3756 600 3832 tempus
625 3746 667 3811 ad
690 3747 887 3813 visitandum
910 3749 1090 3835 praefixum
1112 3747 1210 3813 duret
1233 3744 1397 3835 usquead

161 3851 312 3914 ultimum
336 3860 534 3915 momentum
560 3850 628 3915 eins
650 3851 725 3917 dici.
771 3851 826 3916 Ita
848 3852 933 3916 enim
957 3852 1110 3917 statuitur
1132 3874 1194 3938 pro
1216 3852 1341 3940 regula,
1362 3859 1398 3916 ut

161 3954 228 4019 dies
249 3954 380 4019 termini
403 3976 469 4019 non
492 3965 693 4042 computetur
716 3955 751 4019 in
775 3954 945 4022 ternrino.''
989 3954 1115 4021 Revera
1138 3956 1346 4043 praelaudata
1365 3954 1396 4021 S.

162 4058 375 4145 Congrcgatio
405 4058 553 4140 Concilii,
583 4068 620 4122 nt
649 4083 743 4124 omne
771 4059 908 4125 dubium
938 4070 1111 4142 amoveret,
1136 4082 1196 4146 per
1224 4061 1398 4146 encyclicas

161 4163 269 4226 literas
290 4161 332 4227 ad
354 4161 496 4228 universi
513 4162 611 4227 Orbis
626 4163 785 4228 Catholici
808 4164 975 4229 Praesulcs
996 4162 1048 4228 die
1072 4168 1112 4229 16
1128 4163 1328 4230 Novembris
1347 4187 1395 4228 an.

163 4269 248 4331 1673
270 4266 360 4330 datas
381 4266 585 4351 significavit,
605 4289 706 4331 nuum
729 4267 939 4354 eumdemque
960 4277 1112 4355 perpetuo
1134 4276 1167 4333 et
1187 4268 1231 4333 ab
1252 4268 1397 4333 omnibns

161 4369 394 4433 observandum
416 4392 482 4434 csse
502 4370 676 4434 terminum
699 4394 758 4457 pro
780 4371 876 4436 Sacra
889 4372 1097 4455 Visitatione,
1112 4372 1169 4459 qni
1184 4373 1340 4437 amussim
1353 4379 1397 4436 est

161 4471 227 4536 dies
242 4473 344 4538 editae
360 4474 392 4537 iu
409 4473 510 4537 lucem
526 4473 670 4539 Sixtinae
685 4474 954 4542 Constitutionis2

196 4626 202 4657 ¹
213 4628 246 4678 ln
257 4627 296 4680 ll.
308 4629 355 4681 lib.
368 4628 471 4680 Decrct.
483 4628 512 4680 in
524 4630 587 4696 Cap.
600 4628 656 4697 Epo
666 4629 702 4681 N.
713 4628 857 4698 Episcopus,
872 4632 921 4683 lv.
932 4631 965 4682 de
977 4631 1085 4682 inrcinr.
1098 4648 1124 4681 n.
1136 4631 1178 4683 36.

193 4707 247 4762 W.
257 4727 326 4762 enus.
338 4712 548 4777 Carpcetoraten.
559 4711 615 4762 diei
627 4714 659 4764 19
671 4711 749 4764 Febr.
762 4715 827 4764 1718
839 4714 867 4764 in
879 4713 963 4781 princ.
