3142 5242
192 423 243 488 clv
320 436 562 485 commum
585 435 846 483 PLENARIUM
869 436 1207 485 BALTIMORENSE
1228 439 1302 488 111.

128 648 130 655 .
191 605 229 660 nt
242 605 369 680 tempus
383 592 424 658 ad
438 614 627 658 concursum
646 615 705 680 pro
721 592 937 677 missionibus,
953 617 1035 681 quae
1049 593 1327 661 inamovibilitatis
1341 618 1432 684 prae-

190 698 336 784 rogativa
351 696 513 778 fruuntur,
526 695 765 783 perficiendum,
776 696 818 762 ad
832 698 967 783 triginta
980 698 1049 762 dies
1062 697 1191 764 differre
1204 708 1334 785 possent
1346 723 1367 765 a
1380 699 1433 765 die

190 801 304 867 indicti
325 800 546 888 experimenti,
568 799 726 865 Sanctitas
748 798 814 865 Sua
838 800 873 864 in
898 801 1060 866 audientia
1086 802 1150 867 diei
1173 806 1215 868 10
1237 802 1433 890 Septembris
1494 870 1499 879 ,

192 909 287 988 1885,
318 903 428 970 audito
457 914 536 971 voto
565 903 734 970 Emorum.
767 903 903 969 Petrum
935 904 1033 971 Sacro
1065 905 1210 972 Consilio
1245 905 1433 973 Christiano

190 1009 327 1074 Nomini
350 1007 563 1095 Propagando
586 1008 850 1095 praepositorum,
876 1017 973 1095 atque
997 1008 1126 1075 attentis
1155 1009 1334 1076 rationibus
1362 1009 1432 1076 sive

188 1112 379 1178 dioecesium
393 1111 628 1198 amplitudinis,
643 1111 713 1176 sive
732 1110 875 1177 locorum
889 1112 1069 1196 distantiae,
1082 1113 1153 1180 sive
1166 1115 1430 1202 gravissimorum

188 1217 399 1304 negotiorum,
429 1237 511 1302 quae
545 1214 706 1280 assiduam
744 1214 977 1302 Episcoporum
1006 1216 1254 1282 sollicitudinem
1283 1219 1431 1306 exigunt,

118 1395 121 1401 .
188 1319 338 1385 omnibns
354 1319 606 1385 Foederatorum
617 1317 786 1384 Americae
800 1318 1065 1406 Septentrionalis
1079 1319 1230 1385 Statnum
1244 1320 1431 1387 Ordinariis

188 1422 346 1488 indictum
366 1445 554 1488 coneursum
576 1421 618 1488 ad
641 1445 781 1487 mensem
801 1421 971 1488 differendi
993 1423 1178 1489 facultatem
1197 1424 1337 1513 benigne
1355 1449 1430 1491 oon-

188 1528 281 1594 eessit
301 1527 343 1593 ad
368 1527 557 1592 decennium
583 1550 602 1592 a
628 1526 681 1591 die
706 1526 976 1615 promulgationis
1001 1525 1133 1616 praefati
1162 1528 1302 1594 Consilii
1327 1529 1429 1595 Tertii

189 1631 331 1696 Plenarii
346 1630 590 1705 Baltimorensis
604 1629 865 1718 computandum.

232 1735 355 1800 Datum
376 1734 508 1816 Romae,
523 1756 565 1798 ex
579 1732 725 1799 Aedibus
738 1733 853 1799 Sacrae
872 1735 1136 1821 Congregationis
1155 1734 1196 1800 de
1216 1736 1430 1822 Propaganda
1536 1825 1539 1829 ⁴

188 1837 281 1922 Fide,
297 1838 349 1903 die
363 1841 407 1903 30
421 1836 629 1923 Septembris,
646 1839 741 1903 1885.

607 1941 630 2006 J
632 1958 773 2006 oannes
796 1943 910 2008 Canu.
926 1942 1091 2026 Smmxr,
1107 1943 1295 2027 Praefectus.

795 2042 829 2108 08
844 2044 886 2109 D.
903 2048 1082 2111 Ancurae.
1098 2047 1288 2129 Txanssrs,
1302 2048 1385 2114 Seer.

619 2241 690 2316 IV.
719 2242 959 2318 Dacanruu.

416 2508 418 2514 Ι
476 2427 534 2491 Du
556 2426 759 2490 Onnrrmrns
781 2426 919 2489 Trnnro
942 2425 1131 2492 Mrssroms.

229 2583 271 2650 R.
288 2582 328 2649 P.
344 2581 387 2648 D.
411 2580 680 2667 Archiepisoopns
703 2578 945 2644 Baltimorensis
966 2602 1025 2646 suo
1045 2603 1082 2645 ao
1099 2579 1333 2668 Episcoporum
1354 2580 1426 2647 Sta-

183 2696 277 2753 tuum
301 2684 550 2751 Foederatorum
567 2683 733 2748 Americae
755 2683 884 2748 nomine
904 2682 946 2747 ab
961 2683 1148 2770 Apostolioa
1168 2683 1250 2749 Sede
1271 2685 1375 2772 petiit,
1388 2695 1426 2751 ut

178 2793 399 2878 juramentum
429 2787 516 2876 qnod
545 2788 684 2853 ordinati
714 2787 811 2853 titulo
839 2788 1000 2852 missionis
1028 2797 1198 2874 praestant,
1227 2811 1282 2854 eos
1310 2788 1425 2854 exinde

184 2894 305 2982 obliget
319 2917 383 2959 non
398 2916 459 2981 pro
473 2892 583 2979 aliqua
597 2890 726 2956 Diocesi
740 2900 878 2974 tantum,
893 2890 949 2956 sed
966 2914 1026 2978 pro
1040 2901 1108 2957 tota
1121 2892 1289 2979 provincia
1302 2892 1425 2958 eeclesi-

183 3000 289 3082 astiea,
302 2999 348 3064 ita
361 3006 399 3062 nt
412 2995 591 3085 presbyteri
605 2995 652 3061 sic
665 2995 805 3061 ordinati
819 2995 888 3060 sola
901 2995 1070 3061 collatione
1083 2995 1161 3061 novi
1175 2995 1265 3061 tituli
1279 2996 1315 3060 in
1328 2997 1423 3062 aliam

183 3103 349 3170 dioecesim
360 3101 501 3188 ejusdem
517 3100 708 3166 Provinciae
718 3098 886 3164 transferri
900 3099 1024 3186 possint
1037 3098 1078 3164 de
1091 3121 1244 3165 consensu
1258 3101 1424 3189 utriusque

182 3206 359 3289 Ordinarii,
375 3206 455 3294 quin
478 3204 688 3270 necessarium
701 3203 745 3268 sit
758 3211 796 3267 ut
810 3202 873 3291 ipsi
887 3225 1010 3269 novum
1026 3204 1245 3289 juramentum
1266 3204 1422 3270 emittant

182 3312 321 3399 Insuper
342 3309 561 3398 expostulavit
574 3307 680 3395 quoad
704 3307 920 3394 praeteritum,
935 3315 973 3372 ut
994 3307 1133 3372 ordinati
1147 3307 1243 3373 titulo
1264 3306 1423 3374 missionis

181 3441 240 3505 pro
265 3417 375 3502 aliqua
397 3413 531 3480 dioecesi
556 3411 599 3478 ad
624 3411 722 3477 aliam
750 3411 918 3476 dioecesim
948 3411 1034 3477 intra
1062 3410 1194 3477 eandem
1223 3411 1421 3499 provinciam

181 3521 347 3588 transferri
371 3519 495 3607 possint
516 3539 602 3583 novo
623 3515 720 3581 titulo
741 3538 890 3602 novoque
918 3515 1070 3602 praestito
1093 3516 1277 3601 juramento
1304 3514 1423 3604 absque

180 3648 309 3693 recursu
331 3625 373 3690 ad
395 3621 616 3711 Apostolieam
639 3619 763 3686 Sedem.
809 3619 894 3685 Cum
915 3628 1023 3684 autem
1052 3619 1210 3706 supplices
1239 3617 1421 3705 hujusmodi

180 3753 287 3821 preces
317 3730 351 3794 in
380 3726 544 3793 audientia
573 3725 637 3791 diei
669 3727 711 3788 22
742 3723 939 3789 Novembris
970 3727 1056 3789 1885
1086 3721 1293 3789 Sanctissimo
1318 3723 1361 3789 D.
1377 3723 1420 3789 N.

181 3835 284 3902 Leoni
298 3833 410 3900 XIII.
426 3855 447 3897 a
461 3831 503 3896 R.
521 3829 561 3896 P.
576 3829 620 3895 D.
644 3828 816 3894 Dominieo
838 3827 996 3911 Jacobini,
1012 3826 1260 3914 Amhiepisoopo
1273 3826 1420 3912 Tyrensi,

180 3941 214 4008 S.
229 3936 496 4026 Congregationis
510 3935 551 4000 de
565 3932 779 4020 Propaganda
800 3931 884 3997 Fide
904 3930 1077 3997 Secretario
1099 3931 1215 3997 relatae
1234 3931 1310 4015 sint,
1326 3930 1422 3996 Sano-

179 4045 254 4111 titus
268 4043 334 4109 Sua
347 4065 400 4108 eas
414 4041 552 4127 benigne
562 4038 716 4124 excipere,
727 4059 764 4102 ac
777 4037 917 4122 expetita
930 4035 1101 4124 privilegia
1114 4035 1281 4101 concedere
1291 4034 1422 4121 dignata

180 4159 236 4232 est,
252 4159 285 4214 et
298 4171 395 4235 super
409 4146 461 4210 hia
475 4165 623 4231 praesens
637 4142 800 4207 decretum
814 4140 958 4226 expediri
974 4139 1149 4205 mandavit.

216 4253 347 4318 Datum
362 4251 495 4331 Romae,
507 4272 546 4313 ex
559 4246 706 4312 Aedibus
721 4245 754 4310 S.
768 4244 1032 4331 Congregationis
1046 4244 1086 4309 de
1101 4243 1312 4329 Propaganda
1328 4243 1418 4323 Fide,

180 4358 233 4422 die
247 4360 289 4422 30
305 4355 511 4435 Novembris,
529 4356 625 4418 1885.

591 4457 612 4520 J
615 4473 758 4520 essars
781 4454 894 4519 Cxan.
918 4453 1083 4534 Smncm,
1099 4452 1288 4536 Praefectus.

789 4557 823 4622 >F
838 4557 881 4622 D.
905 4558 1084 4621 Aacfflnr.
1108 4556 1278 4638 Tannus,
1293 4555 1375 4620 sm.
