3142 5242
164 496 225 557 loo
311 504 496 553 risurus
526 502 702 550 1x.-nu
731 500 859 547 noum
888 494 1257 545 nccnrsrssrrcrs.

626 834 845 911 CAPUT
879 832 931 909 V.

313 1007 378 1081 Du
403 1005 540 1081 Mours
565 1004 812 1078 Pnonrnms
837 1001 1047 1076 Pncuxms
1071 1018 1129 1073 Au
1154 994 1260 1071 Pus

556 1120 712 1194 Causas
736 1117 1005 1191 Conmonsuu

212 1292 300 1366 288.
336 1288 485 1379 Praxis,
503 1285 626 1361 sicubi
643 1285 743 1359 forte
759 1282 911 1371 existat,
929 1281 1134 1381 pecuniam
1152 1278 1337 1378 exigendi
1351 1277 1398 1353 ad

163 1408 265 1481 fores
282 1405 464 1482 ecclesiae
478 1400 693 1478 Dominicis
711 1425 755 1475 ac
774 1399 901 1475 Pestis
918 1399 1066 1488 diebus,
1081 1404 1126 1473 ut
1141 1396 1233 1496 quis
1250 1393 1397 1494 ingredi

164 1524 288 1621 possit
312 1547 357 1597 uc
381 1529 624 1595 sacrosancto
650 1517 793 1591 missae
818 1515 1003 1589 sacrificio
1023 1513 1225 1605 interesse,
1237 1510 1397 1611 jampri-

163 1640 253 1714 dem
272 1637 468 1714 eliminari
485 1634 692 1711 debuisset.
741 1633 842 1707 Eam
865 1632 972 1707 enim
994 1629 1202 1706 damnarit
1216 1630 1398 1704 Summus

165 1755 346 1829 Pontifex
362 1754 459 1829 Pius
476 1751 553 1827 IX.
566 1758 606 1825 et
622 1775 782 1848 prorsus
795 1749 1011 1823 tollendam
1027 1745 1291 1845 significauit.l
1328 1743 1397 1821 Dc·

164 1896 332 1945 cessores
349 1894 502 1969 quoque
528 1866 650 1941 nostri
677 1890 860 1964 supremo
876 1865 962 1963 ejus
981 1863 1130 1963 judicio
1147 1863 1398 1962 obsequentes

165 1987 281 2060 finem
316 2010 461 2085 pravae
495 1982 585 2059 huic
618 1980 890 2058 consuetudini
924 1980 1085 2055 omnino
1118 1978 1398 2078 imponendum

165 2127 248 2177 esse
271 2110 503 2178 statuerunt.
560 2100 691 2197 (Cone.
709 2097 821 2173 Pleu.
840 2097 945 2173 Bult.
964 2096 1252 2195 11.‚u'0.397.)

215 2220 300 2294 289.
337 2219 384 2292 In
408 2242 640 2315 unaquaque
662 2214 821 2289 eeclesia
844 2214 1103 2289 constituatur
1119 2211 1296 2311 spatium
1311 2213 1399 2287 libe·

166 2360 253 2409 rum
289 2334 355 2410 ubi
389 2334 522 2408 fideles
560 2333 675 2406 Sacro
714 2332 849 2406 adesse
887 2341 928 2405 et
960 2331 1125 2405 verbum
1161 2328 1236 2403 Dei
1271 2329 1400 2405 audire

166 2451 326 2547 possint.
397 2449 445 2523 In
480 2450 552 2523 hoc
585 2456 716 2522 autem
751 2447 879 2545 spatio
913 2446 1093 2545 eligendo
1127 2444 1239 2521 etin
1269 2469 1400 2521 eorum

167 2590 279 2640 usum
305 2567 488 2665 aptando,
515 2589 715 2662 nunquam
746 2562 999 2637 obliviscatur
1023 2562 1103 2653 ille,
1128 2560 1197 2661 qui
1224 2562 1401 2637 ecclesiae

167 2692 329 2779 praeest,
365 2683 436 2755 lios
471 2681 649 2754 homiues
688 2704 772 2754 esse
810 2679 955 2754 Christi
990 2704 1194 2778 pauperes,
1229 2686 1270 2753 ct
1304 2676 1400 2754 Boni

168 2797 339 2872 Pastoris
365 2798 543 2894 exemplo
570 2795 871 2869 misericorditer
895 2821 984 2869 cum
1010 2795 1091 2869 illis
1121 2804 1225 2893 agat,
1252 2795 1399 2871 sedulo·

166 2938 240 3011 que
269 2916 367 2989 uitet
400 2913 589 3011 quidquid
624 2937 688 2986 eos
722 2912 994 2986 contemnendi
1030 2920 1098 2986 aut
1132 2911 1400 3010 pudefaciendi

167 3030 358 3126 specimen
403 3055 496 3127 prae
533 3056 574 3103 se
613 3030 713 3104 ferre
756 3030 890 3127 possit.
966 3030 1085 3104 Secus
1126 3029 1246 3121 enim,
1287 3030 1401 3128 (quod

167 3148 379 3242 Apostolus
410 3171 588 3242 expresso
615 3152 735 3239 vetat)
765 3147 1055 3221 exhonorantur
1090 3171 1283 3243 liauperes
1308 3146 1401 3239 (Jac.

168 3284 213 3336 11.
239 3264 343 3354 2-6),
374 3271 414 3337 et
448 3261 577 3335 timeri
611 3262 821 3359 aliquando
856 3270 984 3360 potest
1018 3287 1068 3336 nc
1102 3286 1173 3360 per
1207 3270 1401 3359 pastorem

167 3379 345 3453 ecclesiae
362 3379 402 3467 ii,
421 3403 491 3474 pro
509 3403 675 3475 quorum
697 3404 818 3476 aeque
841 3404 885 3452 ac
910 3403 979 3475 pro
1005 3378 1174 3452 divitum
1199 3378 1402 3452 animabus

166 3496 355 3569 rationem
399 3503 459 3568 est
499 3494 734 3573 redditurus.
780 3521 803 3568 a
848 3494 982 3569 (livino
1025 3495 1133 3568 cultu
1175 3501 1215 3568 et
1258 3521 1283 3569 a
1324 3496 1403 3568 uita

167 3610 387 3686 Christiana
422 3611 576 3707 penitus
610 3621 825 3686 arcumtur.

216 3729 301 3803 290.
346 3726 547 3823 Plerisque
581 3725 621 3799 iu
657 3726 750 3799 locis
784 3728 947 3824 pecunia
982 3728 1022 3801 in
1053 3727 1139 3826 pios
1170 3755 1265 3804 usus
1301 3728 1403 3802 lmud

167 3847 306 3943 exigua
343 3842 558 3939 comparari
598 3842 696 3916 solet
738 3868 807 3940 per
848 3856 1062 3918 conventus
1100 3847 1304 3943 quosdam,
1339 3843 1403 3944 qui

167 3963 386 4035 animorum
412 3958 727 4031 oblectandorum
754 3984 870 4033 causo
895 3961 1005 4052 loon,
1032 3960 1177 4058 quiquo
1202 3964 1311 4058 apud
1336 3986 1403 4036 nos

168 4079 284 4175 vulgo
320 4076 476 4163 Punico,
508 4075 726 4148 Ercnrsious
759 4084 828 4149 uuit
861 4075 981 4150 simili
1016 4076 1174 4150 nomine
1206 4090 1403 4152 vocantur.

168 4194 296 4283 Quum
341 4217 432 4265 uero
476 4190 697 4287 hujusmodi
741 4203 964 4283 conventus,
1008 4193 1239 4292 praesertim
1284 4219 1405 4292 prope

169 4311 281 4384 urbes
316 4307 519 4405 opulentas
557 4313 596 4379 et
633 4307 852 4404 populosus,
887 4320 1132 4406 peecatorum
1171 4316 1212 4383 et
1245 4312 1404 4385 scandu-

168 4426 295 4500 lorum
329 4422 538 4498 seminaria
576 4448 690 4519 saepe
724 4425 905 4515 evadant,
941 4425 1145 4500 dubitatur
1182 4450 1207 4499 a
1245 4426 1324 4524 piis
1362 4452 1406 4501 ao

168 4541 423 4638 prudentibus
462 4539 567 4627 uiris,
609 4549 738 4613 utrum
784 4541 954 4639 amplius
997 4541 1190 4617 tolerandi
1236 4542 1319 4618 sint
1354 4567 1404 4618 un

203 4706 299 4761 ¹lnstr.
311 4709 338 4761 S.
350 4710 379 4760 C.
391 4706 424 4758 de
437 4707 512 4758 Deer.
526 4706 554 4758 C.
569 4705 610 4757 l‘l.
622 4705 691 4758 Bait.
706 4706 743 4758 Il.
755 4707 865 4773 Corrig„
878 4725 903 4774 p.
915 4708 1046 4774 cxxxvii,
1059 4727 1085 4761 n.
1098 4709 1137 4760 18.
