3142 5242
297 453 352 500 un
381 454 803 503 ursrnusnrmurnus
834 456 1266 503 rrnrnrnournnrsus
1334 441 1397 503 249

164 609 305 676 velante
321 611 560 678 conversionem
582 613 623 678 ab
645 612 765 678 haeresi
779 613 887 681 valide
908 614 1135 697 contraxerint,
1151 612 1399 678 benedictionem
1443 699 1445 703 y

165 716 267 800 ipsam
286 714 328 781 ad
347 715 446 780 ritum
466 725 498 781 et
516 717 759 801 solemnitatem,
774 740 839 782 non
855 740 932 783 vero
951 716 992 782 ad
1009 717 1221 782 substantiam
1235 725 1267 782 et
1280 715 1399 784 validi-

164 827 262 884 tatem
277 819 434 905 pertinere
447 821 597 906 conjugii.

209 920 386 987 Contrariis
403 923 657 1011 quibuscumque
671 949 736 990 non
752 925 961 992 obstantibus.

609 1079 642 1150 >B
658 1078 969 1146 Fn.V1ucuurrus
991 1079 1068 1144 Luc
1089 1078 1238 1144 Sarnus

710 1182 855 1268 Arcbicp.
877 1183 1128 1266 Gbcrlcedouertria

489 1286 522 1350 S.
538 1287 624 1352 aar
646 1287 682 1351 U.
699 1287 913 1372 [requisitionis
932 1285 1165 1352 Commrbaariua
1185 1285 1354 1350 Gerrerclia.

165 1436 371 1503 Iuvsusnrs
393 1438 539 1503 Psnsur

296 1542 329 1608 S.
346 1543 389 1608 R.
405 1549 432 1607 ct
454 1543 490 1609 U.
506 1543 719 1629 Inqtciritionio
741 1545 902 1610 Notat-ica.

167 1844 407 1920 Insrrucrro
437 1847 475 1921 S.
503 1846 860 1922 Consarcnrrours
892 1869 945 1921 nr
976 1847 1233 1922 Paor.F1nn
1264 1847 1401 1922 Suras

367 1960 764 2038 Drsrrussrronmus
790 1962 1202 2038 Mmmnommrsns.

613 2129 689 2215 [Ad
696 2153 733 2216 p.
750 2134 802 2212 68,
817 2153 849 2196 c.
867 2130 958 2216 134]

154 2336 158 2343 .
211 2282 295 2349 Cum
317 2282 510 2368 dispensatio
530 2283 579 2348 sit·
596 2284 675 2348 iuris
696 2284 873 2349 communis
895 2283 1049 2348 relaxatio
1069 2306 1143 2348 cum
1163 2305 1272 2348 <ausae
1292 2283 1402 2370 cogni-

165 2385 262 2470 tione,
283 2386 325 2451 ob
349 2408 387 2451 co
412 2385 504 2470 facta,
526 2387 584 2473 qui
609 2386 704 2453 habet
728 2396 926 2474 potestatem,
948 2386 1151 2473 exploratum
1177 2387 1326 2452 omnibus
1355 2395 1402 2451 est

166 2489 416 2575 dispensationes
434 2489 476 2555 ab
495 2488 730 2576 impedimentis
750 2491 1039 2557 matrimonialibus
1060 2513 1126 2555 non
1146 2513 1212 2555 csse
1231 2489 1402 2578 indulgen-

166 2592 233 2678 das,
255 2593 319 2658 nisi
347 2593 492 2681 legitima
520 2602 552 2659 et
580 2596 690 2681 gravis
719 2617 812 2660 causa
840 2594 1042 2660 interveniat.
1092 2595 1184 2674 Quin
1214 2595 1280 2659 imo
1309 2593 1429 2677 facilc,

166 2698 302 2784 quisque
315 2697 479 2785 iutelligit,
493 2708 583 2763 tanto
596 2699 778 2784 graviorem
792 2721 917 2763 <ausam
932 2698 1062 2785 requiri,
1074 2708 1194 2785 quanto
1208 2698 1341 2786 gravius
1356 2706 1404 2763 cst

167 2801 441 2887 impedimentum,
463 2801 551 2888 quod
574 2802 697 2888 nuptiis
718 2801 914 2867 celebrandis
935 2802 1118 2888 opponitur.
1164 2802 1293 2870 Verum
1315 2801 1402 2867 haud

166 2927 239 2970 raro
251 2903 294 2969 ad
308 2904 342 2970 S.
357 2903 471 2970 Sedem
485 2906 679 2991 perveniunt
699 2905 858 2992 supplices
879 2904 989 2970 literae
1006 2928 1066 2991 pro
1081 2904 1281 2992 impetranda
1294 2905 1404 2992 aliqua

166 3007 353 3073 huiusmodi
381 3008 624 3094 dispensatione,
655 3032 736 3096 quae
764 3009 856 3075 nulla
884 3010 1034 3074 canonica
1063 3009 1185 3074 ratione
1214 3008 1402 3075 fulciuntur.

166 3112 296 3177 Accidit
331 3112 427 3178 etiam
456 3113 658 3200 quandoque,
688 3122 725 3178 ut
758 3114 791 3178 in
826 3112 1010 3178 huiusmodi
1044 3112 1334 3200 supplicationibus
1367 3135 1403 3178 ea

166 3216 366 3299 omittantur,
381 3239 463 3302 quae
483 3218 655 3282 necessario
677 3217 816 3304 exprimi
833 3216 959 3300 debent,
976 3239 1016 3281 ne
1031 3216 1223 3303 dispensatio
1243 3217 1403 3282 nullitatis

166 3319 246 3386 vitio
269 3319 400 3386 laboret
445 3319 571 3387 Idcirco
592 3330 810 3408 opportunum
824 3322 932 3388 visum
955 3330 1002 3386 est
1023 3321 1058 3385 in
1081 3322 1237 3408 praesenti
1258 3320 1404 3386 Instruc-

166 3425 253 3489 tione
267 3424 376 3511 paucis
394 3425 605 3513 perstringere
624 3426 808 3511 praecipuas
823 3425 895 3490 illas
909 3448 1028 3508 causas,
1043 3449 1124 3512 quae
1143 3425 1185 3490 ad
1206 3426 1405 3491 matrimoni-

167 3528 232 3594 ales
244 3528 495 3615 dispensationes
516 3529 704 3595 obtinendas
723 3528 817 3594 iuxta
835 3530 1000 3593 canonicas
1019 3529 1195 3594 sanctiones
1214 3539 1245 3594 et
1264 3528 1404 3615 prudens

166 3631 390 3698 ecclesiasticae
404 3634 597 3719 provisionis
618 3633 798 3716 arbitrium,
813 3656 873 3719 pro
887 3632 1118 3698 sufficientibus
1140 3633 1251 3698 haberi
1273 3656 1405 3698 consue-

166 3745 305 3818 verunt3
337 3735 453 3802 deiude
481 3759 517 3802 ea
546 3735 695 3820 indicare,
725 3760 807 3825 quac
841 3737 876 3800 in
912 3737 982 3822 ipsa
1006 3736 1240 3823 dispensatione
1269 3737 1406 3823 petenda

167 3841 346 3927 exprimere
371 3849 505 3926 oportet.
1220 3852 1245 3887 θ

211 3944 321 4031 Atque
359 3953 394 4009 ut
429 3966 449 4009 a
485 3945 586 4009 (ausis
618 3943 891 4031 dispensationum
920 3945 1089 4009 exordium
1118 3944 1262 4027 ducatur,
1293 3968 1406 4031 operae

167 4047 307 4134 pretium
344 4049 405 4112 erit
441 4048 600 4134 imprimis
636 4047 896 4131 animadvertere,
935 4071 1032 4113 unam
1068 4048 1242 4135 aliquando
1279 4071 1405 4113 eausam
1492 4123 1493 4126 Ἴ

167 4152 299 4217 seorsim
328 4161 486 4238 acceptam
512 4149 754 4216 insufficientem
780 4175 854 4235 esse,
877 4150 932 4216 sul
960 4152 1053 4217 alteri
1079 4152 1263 4217 adiunctam
1287 4151 1405 4216 suffici-

168 4263 273 4320 entem
288 4254 483 4338 existimari;
504 4279 580 4319 narn
594 4278 676 4342 quae
691 4278 756 4319 non
775 4264 912 4343 prosunt
925 4255 1062 4342 singula,
1077 4255 1182 4320 multa
1197 4253 1320 4338 iuvant,
1335 4278 1403 4338 cry.

169 4358 189 4423 l.
205 4361 235 4425 5.
256 4358 292 4426 0.
307 4359 345 4423 de
359 4359 484 4446 probat.
530 4359 730 4424 Huiusmodi
749 4370 857 4424 autem
878 4382 990 4424 causae
1010 4369 1087 4425 sunt
1106 4382 1188 4445 quae
1209 4368 1404 4446 sequuntur:

213 4467 243 4530 1.
273 4462 432 4546 Amputat
453 4464 512 4527 loci
532 4464 602 4528 sive
620 4463 768 4528 absoluta
788 4464 857 4528 sive
876 4462 1012 4528 relativa
1025 4462 1162 4550 (ratione
1181 4472 1307 4528 tantum
1322 4462 1405 4528 Ora-

168 4566 280 4654 tricis),
302 4589 376 4631 curn
405 4566 525 4632 scilicet
554 4566 588 4630 in
618 4567 687 4631 loco
713 4567 856 4653 originis,
880 4566 932 4633 vel
959 4567 1054 4631 etiam
1080 4566 1235 4631 domicilii
1260 4567 1405 4651 cognatio

1289 4792 1529 4912 fl
