3142 5242
169 416 233 479 222
646 432 892 479 arrsumx.

166 589 334 671 humanae,
356 587 474 653 nedum
498 587 700 675 singulorum
725 586 894 653 hominum
923 588 1194 671 incolumitatem
1225 612 1271 654 ex
1290 586 1403 676 puerili

166 693 252 757 enim
273 691 474 757 institutione
494 692 620 780 pendet,
636 701 674 757 nt
695 691 882 779 plurimum,
897 715 963 780 qua
981 692 1055 779 quis
1068 691 1195 758 ratione
1206 692 1256 758 sit
1267 691 1403 779 reliquae

166 797 277 861 aetatis
298 796 439 882 spatium
460 806 595 862 acturus.
641 795 758 883 Itaque
778 796 858 883 quid
871 795 1091 863 edocentibus
1104 818 1142 862 eo
1157 795 1221 862 loci
1236 797 1403 883 praecipue

166 900 392 986 praestandum
413 899 465 983 sit,
479 901 637 986 sapienter
652 900 732 967 Pius
751 900 819 967 IX.
834 901 1029 988 significavit
1040 899 1203 966 scribens:
1225 902 1249 936 ‘⁴
1262 898 1309 965 In
1321 900 1402 965 hisce

167 1004 368 1090 potissimum
378 1004 494 1070 scholis
504 1028 614 1070 omnes
627 1005 781 1092 cuiusque
793 1028 812 1071 e
825 1005 946 1092 populo
959 1004 1066 1071 elassis
1080 1006 1173 1091 pueri
1184 1003 1241 1071 vcl
1254 1027 1277 1071 a
1290 1003 1402 1071 tem

166 1109 258 1174 annis
268 1110 482 1174 sanctissimae
490 1109 786 1196 nostraereligionis
794 1110 998 1196 mysteriisac
1005 1108 1402 1197 pmetcptionibussedulo

165 1222 241 1277 sunt
254 1212 419 1278 erudiendi
434 1212 520 1279 etad
535 1214 684 1300 pietatem
695 1235 883 1301 morumque
893 1213 1099 1297 honestatem,
1110 1222 1144 1278 et
1154 1213 1200 1279 ad
1214 1213 1401 1302 religionem

165 1316 356 1405 civilemque
384 1317 518 1384 vivendi
546 1317 701 1382 rationem
729 1329 872 1382 accurate
900 1316 1071 1400 formandi,
1095 1328 1194 1404 atque
1222 1317 1261 1382 in
1291 1316 1401 1383 iisdem

165 1421 282 1486 scholis
303 1422 451 1509 religiosa
472 1421 657 1509 praesertim
678 1420 824 1487 doctrina
837 1422 884 1487 ita
897 1422 1087 1508 primarium
1101 1421 1136 1486 in
1151 1421 1358 1489 institutione
1371 1429 1402 1487 et

165 1524 349 1591 educatione
371 1525 476 1591 locum
497 1525 612 1590 habere
633 1548 671 1590 ac
689 1524 849 1591 dominari
871 1524 974 1608 debet,
990 1533 1028 1591 ut
1040 1524 1179 1590 aliorum
1194 1527 1400 1612 cognitiones,

165 1630 282 1716 quibus
293 1631 442 1696 iuventus
452 1629 497 1694 ibi
513 1629 680 1712 imbuitur,
691 1628 885 1695 adventitiae
894 1627 1118 1716 appareant.’'¹
1162 1629 1273 1696 Nemo
1286 1630 1402 1696 exhinc

166 1758 230 1798 non
253 1734 410 1822 intelliget
423 1735 517 1799 istam
531 1756 703 1820 puerorum
721 1733 952 1799 institutionem
975 1734 1009 1799 in
1033 1732 1268 1821 Episcoporum
1291 1734 1402 1801 officiis

165 1860 230 1903 esse
252 1838 441 1925 ponendum,
455 1846 488 1902 et
508 1836 641 1920 scholas,
656 1835 827 1923 dequibus
841 1837 958 1923 agitur,
973 1846 1039 1902 tam
1054 1837 1089 1900 in
1104 1837 1240 1903 urbibus
1254 1837 1402 1925 frequen-

166 1942 298 2006 tissimis
319 1965 416 2029 quam
438 1941 473 2005 in
495 1942 586 2029 pagis
608 1940 734 2027 exiguis
756 1941 840 2005 inter
860 1962 957 2027 opera
977 1941 1131 2005 contineri
1154 1964 1238 2027 quae
1261 1942 1307 2008 ad
1336 1964 1401 2007 rem

164 2046 378 2111 dioecesanam
394 2045 533 2110 maxime
546 2045 715 2130 pertinent.

210 2150 347 2236 Insuper
361 2149 448 2236 quod
462 2149 544 2214 ratio
558 2147 670 2231 suadet
684 2148 743 2213 lux
757 2148 896 2214 historae
905 2150 1079 2215 confirmat.
1125 2148 1267 2215 Nullum
1281 2151 1402 2239 quippe

164 2253 228 2319 fuit
249 2264 376 2340 tempus
397 2276 462 2340 quo
483 2251 656 2339 singularis
678 2275 743 2318 uon
763 2252 901 2317 eluxerit
915 2252 1133 2319 Conciliorum
1147 2275 1226 2318 cura
1239 2254 1276 2318 in
1290 2254 1401 2321 huius-

164 2359 252 2424 modi
280 2357 397 2423 scholis
429 2357 616 2422 ordinandis
643 2379 681 2421 ac
708 2355 846 2439 tuendis,
869 2379 929 2443 pro
956 2357 1075 2444 quibus
1111 2355 1206 2443 plura
1242 2360 1400 2445 sapienter

163 2462 404 2528 constituerunt
450 2460 573 2526 Eorum
595 2482 710 2547 nempe
730 2460 863 2526 decretis
884 2472 1086 2547 prospectum
1099 2470 1148 2527 est
1162 2471 1200 2527 ut
1214 2461 1290 2528 illas
1304 2462 1400 2551 Epis-

163 2566 235 2653 copi
261 2566 295 2630 in
321 2563 449 2651 oppidis
474 2574 507 2629 et
530 2565 623 2652 pagis
648 2565 774 2629 restitui
798 2574 831 2630 et
855 2565 966 2651 augeri
991 2562 1161 2648 curarent,²
1181 2566 1341 2653 puerique
1359 2566 1399 2631 ad

163 2670 349 2735 discendum
372 2670 625 2750 admitterentur,
647 2667 799 2754 qualibet,
814 2669 842 2733 si
864 2668 933 2733 ficri
955 2678 1071 2754 posset,
1086 2670 1230 2755 impensa
1247 2667 1400 2736 remissa.⁸

165 2774 362 2839 Eoruurdem
377 2773 563 2838 auctoritate
576 2773 679 2837 dictae
696 2771 789 2858 leges,
805 2772 922 2858 quibus
935 2772 1059 2836 alumni
1075 2772 1223 2859 religioni
1236 2797 1276 2839 ac
1290 2775 1397 2861 pietati

164 2901 291 2964 operam
306 2877 440 2960 ‹hu-ent*
454 2876 602 2941 delinitae
616 2877 705 2941 dotes
720 2888 752 2941 et
766 2886 952 2941 ornamenta
971 2878 1083 2957 animi,
1098 2877 1217 2963 quibus
1231 2881 1398 2965 magistros

164 2982 321 3067 praeditos
344 3005 410 3045 esse
436 2980 616 3066 oporteret,⁶
638 2981 740 3066 iisque
762 2981 964 3066 imperatum,
988 2981 1036 3045 uti
1062 2981 1205 3046 iurarent
1220 2983 1314 3048 iuxta
1334 2983 1397 3048 for-

164 3086 283 3150 mulam
296 3085 467 3150 catholicae
478 3084 682 3170 professionis
692 3083 719 3166 ;⁶
732 3084 860 3148 demum
872 3085 1053 3149 scholarum
1064 3096 1224 3151 curatores
1233 3087 1395 3152 constituti

162 3191 217 3276 qui
233 3213 285 3254 eas
299 3189 425 3254 adirent
437 3212 474 3253 ac
487 3180 763 3274 circumspicerent
778 3188 896 3275 nequid
911 3189 1025 3253 inesset
1036 3189 1108 3254 vitii
1122 3199 1179 3254 aut
1193 3190 1395 3272 incommodi,

163 3317 243 3358 neve
263 3294 342 3380 quid
365 3293 563 3358 omitteretur
584 3315 624 3355 ex
648 3292 687 3356 iis
709 3291 812 3376 rebus,
827 3315 907 3379 quas
927 3292 968 3357 de
985 3292 1115 3357 illarum
1129 3293 1302 3380 disciplina
1317 3295 1396 3381 leges

161 3398 360 3463 dioecesanae
381 3394 580 3461 sanxissent!
624 3394 680 3461 Ad
701 3395 786 3479 hacc,
804 3419 905 3482 quum
928 3396 1040 3486 Patres
1059 3397 1278 3463 Conciliorum
1300 3400 1395 3486 probe

162 3502 377 3588 intelligerent
413 3500 565 3587 parochos
596 3499 693 3565 etiam
726 3500 893 3586 pastoralis
923 3500 1093 3566 ministerii
1124 3514 1287 3588 compotes
1319 3527 1392 3585 csse,

161 3616 266 3692 partes
281 3605 368 3670 haud
387 3606 517 3690 exiguas
536 3604 648 3668 iisdem
669 3604 852 3695 tribuerunt
871 3604 904 3668 in
924 3605 1040 3670 scholis
1059 3628 1244 3691 puerorum,
1259 3631 1393 3695 quarum

161 3733 237 3774 cura
254 3732 326 3774 eum
346 3709 527 3773 animarum
546 3709 708 3773 curat-ione
727 3731 853 3772 summa
872 3710 1054 3774 necessitate
1075 3710 1231 3796 iungitur.
1270 3712 1395 3776 Placuit

196 3880 203 3911 ¹
215 3880 299 3947 Epist.
309 3878 350 3930 ed.
360 3877 486 3944 Archiep.
496 3877 617 3944 Friburg.
627 3878 744 3930 Οιιτηπωι
751 3877 803 3929 cine
810 3880 917 3930 murium
925 3894 979 3931 xlv
987 3879 1053 3930 Iulii
1061 3894 1228 3932 xncccuxxv
1236 3881 1304 3933 Acte
1312 3883 1393 3934 vol&

194 3962 308 4028 'synod
321 3963 334 4012 1
346 3962 505 4014 Provinciul.
516 3962 647 4013 Camerac.
660 3961 700 4012 tit.
712 3963 742 4012 de
752 3962 837 4013 ecbola
847 3978 903 4028 cap.
916 3963 1070 4028 l.-Synod.
1082 3964 1201 4029 provinc.
1213 3965 1343 4018 Mechlin.
1355 3967 1394 4017 tit

161 4048 191 4099 dc
201 4048 286 4098 scholis
297 4063 354 4112 cap.
366 4048 390 4097 2.

193 4129 308 4195 ³Synod.
320 4129 478 4180 Namurcen.
490 4146 532 4179 an.
545 4129 610 4179 1004
623 4128 663 4178 tit.
675 4130 691 4178 2
703 4146 758 4194 cap.
771 4130 794 4180 1.

193 4212 308 4279 ⁴Synod.
320 4211 494 4278 Antvcrpien.
505 4211 553 4262 sub
565 4211 652 4262 Mireo
663 4210 704 4262 tit.
717 4214 732 4262 a
744 4229 799 4278 mp.
811 4213 835 4264 3.

192 4295 307 4364 ⁵Synod.
320 4296 485 4347 Cameracen.
500 4311 542 4346 an.
556 4296 627 4346 1550.

193 4379 307 4445 ⁸Syn0d.
320 4379 350 4430 II
363 4378 484 4429 Proviuc.
497 4377 670 4430 Mccblinien.
687 4378 728 4430 tit.
742 4380 764 4430 1.
776 4395 832 4445 cap.
846 4380 870 4432 3.

193 4462 305 4528 ⁷Synod.
318 4463 347 4514 11
360 4461 482 4513 Provinc.
494 4460 667 4514 Mcclrlinien.
679 4461 720 4513 tit.
732 4463 773 4513 20.
785 4478 841 4528 cap.
853 4462 1008 4528 d-Synod.
1019 4462 1127 4515 Provin.
1141 4464 1252 4531 Pragcn.
1265 4484 1308 4519 an.
1323 4469 1394 4532 1860,

160 4547 202 4600 tit.
214 4549 237 4599 2.
249 4564 305 4613 cap.
319 4546 342 4598 7.
