3142 5242
502 242 524 298 ὁ

383 463 438 510 nu
466 464 611 511 merus
640 464 691 510 nr
720 464 1098 512 nruuunnrnreus.
1296 450 1359 512 123

504 926 506 935 .
570 850 787 926 CAPUT
826 850 911 926 IV.

393 1032 458 1108 Du
484 1032 629 1107 erus
656 1055 705 1106 ur
731 1033 1091 1110 Erueunmnmus.

26 1274 28 1279 .
175 1200 261 1276 224.
297 1198 397 1274 Cum
422 1198 726 1298 typographicae
751 1199 846 1274 artis
871 1206 983 1274 tanta
1007 1199 1060 1275 sit
1084 1200 1145 1275 vis
1171 1207 1209 1275 et
1237 1199 1358 1274 effica-

123 1315 232 1409 citas,
249 1322 368 1415 prout
383 1314 541 1389 veritati
557 1320 627 1390 aut
643 1313 765 1389 errori
782 1314 914 1408 servit,
929 1323 975 1391 ut
990 1315 1206 1415 plurimum
1224 1316 1360 1390 afferat

123 1432 217 1508 boni
260 1438 329 1507 aut
370 1428 477 1524 mali,
520 1429 635 1505 officii
676 1455 761 1506 esse
807 1429 944 1507 Nostri
987 1431 1181 1524 duximus,
1225 1428 1359 1529 paucis

125 1548 322 1623 declarare
346 1572 423 1646 quo
448 1554 563 1647 pacto
587 1546 721 1622 fideles
738 1546 864 1622 vitare
887 1547 1042 1647 possint
1064 1547 1265 1622 mortifera
1280 1545 1360 1620 tela

125 1689 260 1741 eorum
303 1663 382 1763 qui,
416 1664 604 1738 suadente
643 1661 713 1737 illo
751 1663 912 1762 antiquo
955 1663 1208 1762 mendacique
1249 1663 1360 1737 hoste

124 1780 278 1881 generis
302 1778 477 1871 humani,
502 1777 692 1854 intactum
727 1779 826 1856 nihil
860 1779 1090 1880 relinquunt
1113 1787 1158 1855 ut
1182 1786 1362 1855 evertant

123 1922 289 1997 regnum
316 1894 462 1971 Christi
486 1895 528 1970 iu
553 1895 669 1970 terris
686 1895 905 1994 omnigenis
922 1896 1088 1996 scriptis,
1106 1896 1248 1995 quibus
1264 1896 1360 1970 fides

123 2013 166 2090 in
191 2012 400 2105 mentibus,
426 2037 554 2088 mores
583 2010 624 2086 in
654 2011 836 2087 cordibus
862 2015 1125 2089 destruantur.
1177 2010 1359 2111 Comper-

122 2136 209 2208 tum
243 2136 304 2205 est
335 2130 501 2205 abusum
535 2127 713 2227 egregiae
745 2127 842 2203 artis
874 2129 1177 2229 typographicae
1210 2128 1360 2203 malum

122 2272 208 2324 esse
225 2245 478 2346 praecipuum
499 2252 654 2320 nostrae
671 2244 809 2335 aetatis
826 2270 927 2344 quae
953 2249 974 2288 “
987 2270 1065 2320 non
1085 2245 1171 2343 jam
1188 2244 1360 2338 libertas,

123 2364 194 2439 sed
209 2363 420 2438 effraenata
437 2359 630 2437 scribendi
648 2386 746 2460 quae
763 2360 885 2436 libeat
899 2360 1081 2461 typisque
1106 2356 1361 2461 imprimendi

123 2478 292 2572 licentia,
325 2476 451 2552 instar
492 2474 605 2553 fluvii
646 2477 773 2575 ruptis
808 2478 1015 2576 aggeribus
1048 2477 1156 2576 ripas
1191 2486 1359 2577 praeter·

123 2595 259 2696 gressi,
283 2594 327 2670 in
351 2593 589 2670 immensum
615 2593 786 2669 excrevit
810 2601 1012 2693 totumque
1038 2620 1116 2694 qua
1145 2594 1223 2669 late
1253 2600 1362 2694 patet

125 2713 260 2788 orbem
293 2711 439 2811 impiis,
474 2709 680 2810 pestiferis,
713 2708 756 2785 iu
791 2712 934 2808 probos
971 2736 1110 2804 mores,
1146 2710 1360 2786 Ecclesiam

125 2828 331 2927 Deumque
371 2826 502 2927 ipsum
545 2825 746 2925 injuriosis
788 2832 827 2903 et
868 2825 1158 2903 contumeliosis
1204 2826 1360 2926 scriptis

123 2943 370 3020 innundavit.
388 2945 410 2990 ’¹‘
434 2932 501 2990 *Α*
526 2942 716 3043 Quodque
740 2941 910 3018 maxime
934 2944 1147 3020 dolendum
1173 2951 1243 3038 est,
1265 2969 1359 3018 non·

123 3060 225 3137 nulli
248 3087 297 3136 ex
322 3061 384 3136 his
414 3059 537 3154 libris,
562 3059 739 3153 novellis,
760 3059 907 3153 diariis,
928 3060 1033 3136 foliis
1062 3061 1228 3160 publicis
1255 3060 1358 3136 aliis·

123 3202 199 3277 que
215 3176 452 3276 hujusmodi,
471 3201 636 3275 quorum
663 3175 870 3275 scriptores
895 3176 1125 3276 religionem
1142 3184 1182 3253 et
1205 3202 1359 3253 morum

103 3294 380 3390 honestatem,
406 3291 441 3368 si
466 3317 544 3368 non
570 3300 705 3392 aperto
732 3299 868 3386 marte,
894 3299 937 3367 at
967 3292 1154 3369 insidiose
1179 3302 1219 3370 et
1248 3292 1359 3394 quasi

123 3410 312 3486 cuniculis
336 3408 618 3509 aggrediuntur
643 3414 683 3484 et
707 3415 880 3485 evertere
905 3411 1072 3503 student,
1101 3436 1125 3485 a
1151 3409 1359 3485 Catholicis

124 3526 348 3602 hominibus
373 3532 568 3618 emuntur,
586 3533 655 3601 aut
674 3549 808 3600 eorum
832 3550 921 3600 aere
944 3526 1084 3600 collato
1105 3526 1296 3624 juvantur
1321 3534 1360 3602 et

124 3650 403 3734 sustentantur,
425 3641 467 3717 in
493 3667 627 3716 eorum
653 3643 789 3717 domos
815 3639 1065 3740 recipiuntur,
1084 3648 1124 3718 et
1149 3644 1198 3718 ab
1224 3668 1359 3718 eorum

124 3758 258 3835 liberis
275 3766 314 3834 et
331 3757 552 3834 domesticis
572 3756 832 3833 lectitantur.'’
889 3757 1018 3855 (Conc.
1037 3758 1147 3834 Plen.
1167 3760 1269 3834 Balt.
1290 3760 1357 3851 IL,

125 3874 200 3950 No.
225 3876 301 3951 493
326 3875 399 3974 sq.)
455 3871 564 3948 Haec
598 3879 729 3948 autem
754 3873 818 3947 vel
844 3874 893 3948 ab
919 3875 1199 3972 Apostolorum
1234 3884 1360 3952 aetate

124 3991 201 4068 fuit
217 3991 411 4066 Ecclesiae
427 3989 632 4088 disciplina
656 3991 757 4087 (Act.
772 4010 861 4064 m.
877 3990 936 4082 18,
952 3993 1031 4084 19),
1045 3999 1091 4067 ut
1105 3991 1197 4066 libri
1216 4018 1360 4068 nocuae

124 4107 301 4184 lectionis
334 4131 467 4182 severe
501 4106 810 4205 prohiberentur,
841 4105 902 4180 cui
936 4109 1172 4191 concordant
1205 4110 1310 4208 leges
1336 4136 1360 4185 a

125 4223 296 4299 Concilio
331 4220 583 4298 Lateranensi
609 4221 659 4297 V.
694 4221 798 4298 latae*
823 4229 862 4298 et
892 4248 915 4297 a
942 4223 1097 4323 Synodo
1132 4225 1361 4300 Tridentino
1396 4220 1404 4233 '

124 4347 333 4416 renovatae
357 4365 457 4438 quae
486 4337 605 4414 etiam
630 4338 757 4412 voluit
786 4338 960 4414 Indicam
991 4339 1180 4416 librorum
1215 4341 1360 4417 confici.

126 4455 188 4531 Ex
203 4455 284 4530 alto
300 4480 393 4531 vero
414 4454 655 4554 apostolatus
672 4453 853 4547 culmine,
871 4455 1008 4530 diebus
1026 4456 1170 4532 nostris
1187 4483 1360 4557 praeser-

125 4571 209 4664 tim,
227 4570 379 4646 Summi
402 4570 607 4645 Pontifices
625 4569 772 4668 plurics
792 4570 1038 4667 gravissimis
1056 4573 1184 4647 verbis
1203 4574 1361 4672 Episco-
