3142 5242
490 454 545 501 nn
573 455 752 502 sononrs
782 454 1057 502 carnonrcrs.
1329 441 1392 504 103

157 610 274 684 rebus
299 612 471 707 parendo
497 609 703 704 Ecclesiae,
721 610 839 685 simul
858 608 1020 685 utilitati
1037 617 1207 707 paretur,
1226 611 1390 710 optima·

158 750 233 824 que
265 725 417 801 ratione
449 725 508 801 rei
540 726 720 827 publicae
752 725 979 802 consulitur.
1032 724 1191 801 Etenim
1225 752 1390 827 quorum

157 841 288 940 prima
320 850 426 917 aetas
460 844 511 918 ad
543 842 774 942 religionem
804 841 958 919 erudita
987 866 1065 917 non
1095 850 1165 936 est,
1196 842 1281 918 sine
1310 844 1393 919 ulla

157 957 376 1056 cognitione
396 959 623 1034 adolescunt
637 984 770 1035 rerum
787 958 1046 1034 maximarum
1065 983 1163 1058 quae
1179 957 1222 1033 in
1239 959 1390 1034 homin·

157 1072 245 1150 ibus
279 1074 383 1150 alere
407 1075 599 1151 virtutum
633 1075 764 1151 studia
788 1082 829 1151 et
852 1075 1049 1174 appetitus
1082 1099 1215 1173 regere
1247 1075 1392 1151 rationi

157 1190 371 1266 contrarios
395 1191 502 1267 solae
526 1198 701 1290 possunt.
754 1190 981 1291 Cujusmodi
1006 1190 1099 1265 illae
1124 1196 1216 1267 sunt
1235 1194 1285 1268 de
1308 1192 1391 1268 Deo

158 1305 339 1382 Creatore
364 1307 552 1401 notiones,
570 1310 619 1384 de
645 1307 728 1384 Deo
748 1309 765 1407 j
771 1308 881 1384 ndice
897 1314 938 1383 et
953 1306 1118 1401 vindice,
1136 1309 1185 1383 de
1205 1308 1392 1408 praemiis

156 1421 368 1522 poenisque
385 1423 545 1499 alterius
562 1424 666 1499 vitae
683 1424 941 1524 expectandis,
960 1425 1009 1498 de
1025 1423 1230 1522 praesidiis
1252 1424 1390 1500 coeles·

155 1538 261 1614 tibus
293 1564 366 1639 per
398 1539 534 1616 Jesum
564 1539 763 1616 Christum
798 1540 928 1615 allatis
962 1542 1012 1615 ad
1046 1538 1116 1614 illa
1149 1539 1236 1638 ipsa
1268 1541 1392 1617 officia

157 1655 365 1754 diligenter
390 1664 595 1756 sancteque
624 1659 827 1733 servanda.
881 1657 957 1732 His
984 1682 1061 1731 non
1088 1656 1264 1756 cognitis,
1286 1658 1391 1733 mala

156 1796 250 1848 sane
282 1773 410 1848 omnis
444 1774 576 1848 futura
609 1780 670 1849 est
703 1774 923 1849 animarum
959 1773 1131 1848 cultura:
1167 1771 1310 1848 insueti
1340 1775 1391 1850 ad

155 1889 428 1964 verecundiam
472 1888 546 1964 Dei
589 1890 849 1965 adolescentes
892 1878 1047 1964 nullam
1084 1890 1185 1965 ferre
1227 1897 1391 1990 possunt

155 2005 317 2081 honeste
342 2004 501 2080 vivendi
527 2005 785 2103 disciplinam,
805 2005 961 2104 suisque
986 2005 1264 2103 cupiditatibus
1291 2005 1390 2081 nihil

155 2146 329 2220 unquam
355 2146 497 2220 negare
522 2120 619 2215 ausi,
645 2121 757 2197 facile
782 2122 832 2196 ad
857 2121 1073 2195 miscendas
1099 2121 1276 2199 civitates
1303 2147 1388 2220 per·

153 2237 395 2314 trahentur.”

206 2355 289 2429 198.
317 2356 506 2430 Attamen
523 2354 702 2454 quamvis
724 2353 930 2430 necessitas
948 2361 988 2430 et
1004 2355 1188 2454 obligatio
1204 2356 1388 2454 juventu·

153 2478 234 2547 tem
252 2471 491 2546 Catholicam
513 2471 556 2546 in
574 2471 716 2546 scholis
738 2471 946 2546 Catholicis
963 2471 1194 2548 instituendi
1211 2497 1259 2547 ex
1275 2472 1388 2548 dictis

153 2589 240 2663 lucc
264 2586 406 2663 clarius
431 2588 591 2682 eluceat,
617 2587 826 2686 aliquando
860 2587 1082 2685 contingere
1111 2587 1389 2687 potest-sicut

153 2703 273 2779 etiam
307 2703 510 2779 instructio
545 2706 661 2779 modo
698 2704 859 2779 laudata
892 2703 1171 2780 innuit—“ut
1207 2713 1388 2804 parentes

154 2819 343 2896 Catholici
377 2820 528 2919 prolem
563 2846 673 2897 suam
708 2818 849 2895 scholis
879 2819 1045 2918 publicis
1075 2819 1317 2895 committere
1346 2820 1387 2896 in

152 2935 387 3013 conscientia
411 2937 572 3036 possint.
625 2937 675 3012 Id
700 2942 830 3011 autem
856 2961 935 3011 non
960 2943 1155 3036 poterunt,
1173 2936 1249 3011 nisi
1266 2938 1318 3013 ad
1334 2937 1390 3013 sic

152 3055 348 3152 agendum
383 3053 634 3128 sufficientem
667 3078 823 3128 causam
857 3053 1036 3146 habeant,
1071 3078 1116 3128 ac
1148 3053 1239 3128 talis
1273 3078 1389 3129 causa

153 3169 345 3245 sufficiens
369 3168 412 3245 in
437 3194 529 3245 casu
554 3170 684 3269 aliquo
710 3168 937 3268 particulari
966 3176 1100 3245 utrum
1127 3169 1231 3246 adsit
1257 3195 1386 3264 necne,

153 3285 196 3361 id
220 3285 475 3376 conscientiae
500 3311 544 3360 ac
573 3286 720 3384 judicio
754 3285 1052 3361 Ordinariorum
1085 3285 1386 3384 relinquendum
1502 3369 1504 3372 ,

152 3400 248 3496 erit3
290 3409 330 3479 et
362 3409 456 3478 tunc
489 3428 535 3477 ea
567 3402 798 3502 plerumque
831 3402 958 3477 aderit
990 3402 1146 3501 quando
1179 3402 1243 3477 vel
1277 3403 1388 3478 nulla

151 3526 307 3619 praesto
332 3525 393 3594 est
416 3518 549 3595 schola
569 3518 767 3593 Catholica
782 3517 847 3593 vel
864 3543 963 3617 quae
980 3517 1153 3617 suppetit
1170 3543 1309 3617 parum
1327 3526 1386 3595 est

151 3635 293 3711 idonea
307 3634 529 3712 erudiendis
545 3633 820 3710 convenienter
836 3633 1049 3709 conditioni
1065 3659 1158 3710 suae
1174 3660 1385 3734 congruen-

151 3759 288 3852 terque
312 3752 629 3829 adolescentibus.
681 3750 789 3826 Tunc
813 3758 944 3825 autem
971 3758 1015 3825 ut
1039 3750 1193 3825 scholae
1209 3752 1386 3850 publicae

151 3868 193 3943 in
218 3868 453 3945 conscientia
476 3866 578 3944 adiri
602 3867 765 3968 possint,
784 3866 1002 3965 periculum
1018 3866 1280 3967 perversionis
1297 3892 1385 3943 cum

151 3985 312 4085 propria
340 3984 516 4085 ipsarum
549 3984 700 4060 ratione
732 3983 823 4081 plus
859 3982 1038 4059 minusve
1072 4008 1273 4083 nunquam
1308 4009 1384 4058 non

151 4102 401 4200 conjunctum
441 4099 673 4200 opportunis
718 4099 900 4175 remediis
942 4098 1260 4199 cautionibusqne
1302 4101 1387 4175 fieri

153 4219 267 4294 debet
291 4243 341 4294 ex
364 4217 542 4318 proximo
567 4215 798 4292 remotum.”

203 4334 302 4410 Cum
326 4334 449 4434 igitur
472 4334 523 4410 ob
547 4358 704 4409 causam
737 4332 990 4409 sufficientem
1023 4339 1063 4409 et
1096 4334 1145 4408 ab
1180 4332 1386 4408 Ordinario

151 4451 368 4550 probatam,
401 4459 583 4550 parentes
616 4449 668 4524 ad
700 4448 851 4524 scholas
885 4449 1061 4549 publicas
1095 4448 1196 4523 filios
1230 4448 1386 4524 mittere
1483 4493 1485 4496 <

151 4566 286 4659 velint,
317 4568 529 4642 dummodo
559 4563 784 4642 necessariis
812 4564 1055 4641 cautionibus
1082 4563 1262 4664 proxima
1286 4563 1386 4664 peri·
