3142 5242
213 445 254 508 16
343 461 524 506 TITULUS
554 461 705 508 11.—1›E
734 459 944 506 PERSONIS
973 457 1335 505 ECOLESIAS'IIOIS.

212 616 327 691 liures
361 615 676 692 circumstantiae
717 615 758 690 in
802 615 942 715 quibus
976 613 1150 690 Ecclesia
1191 612 1233 687 in
1275 611 1448 688 Statibus

213 732 438 807 Foederatis
480 732 848 831 impraesentiarum
891 739 1080 823 versatur,
1107 755 1185 804 non
1219 729 1450 829 permittant

211 848 354 924 habere
376 847 418 923 in
444 848 610 947 singulis
635 848 787 924 casibus
812 873 1012 923 recursum
1036 849 1087 922 ad
1109 845 1448 938 3811118111-

212 964 387 1040 tissimus
423 964 471 1040 D.
503 965 555 1041 N.
584 965 663 1041 Leo
699 964 821 1039 XIII.
853 966 904 1040 ad
936 988 1069 1063 preces
1094 963 1259 1039 Patrum
1284 961 1451 1060 benigne

212 1080 401 1180 indulget,
428 1089 473 1158 ut
497 1081 654 1158 interim
682 1106 753 1181 per
782 1081 820 1156 S.
848 1078 1194 1179 Congregationem
1225 1079 1274 1153 de
1304 1076 1450 1176 Propa-

212 1199 342 1295 ganda
372 1197 471 1274 Fide
500 1197 686 1296 speciales
721 1204 761 1272 et
789 1194 1118 1272 extraordinariae
1146 1194 1350 1269 facultates
1380 1193 1452 1267 hac

213 1338 331 1412 super
347 1339 391 1389 re
407 1314 655 1389 tribuantur.¹

264 1430 378 1523 Item,
396 1429 625 1529 praehabito
642 1430 805 1506 consilio
822 1430 1102 1524 consultorum,
1119 1426 1360 1506 necessarius
1377 1425 1452 1502 erit

212 1571 392 1622 recursus
405 1548 457 1621 ad
473 1547 512 1622 S.
527 1545 666 1622 Sedem
684 1546 727 1622 in
744 1545 910 1645 singulis
922 1546 1086 1640 casibus,
1099 1543 1142 1620 in
1159 1546 1301 1645 quibus
1314 1550 1453 1643 agatur

214 1664 263 1737 de
297 1661 535 1761 imponenda
569 1687 672 1737 nova
704 1669 797 1739 taxa
829 1686 902 1761 pro
933 1659 1127 1760 Episcopo
1162 1685 1261 1761 quae
1294 1661 1454 1737 excedat

214 1778 359 1853 limites
377 1803 402 1853 a
417 1778 631 1854 canonibus
646 1779 889 1854 constitutos

264 1897 325 1970 21.
360 1894 611 1971 Consultores
641 1895 836 1995 eligentur
860 1895 912 1971 ad
944 1892 1170 1972 triennium.
1238 1892 1453 1994 Postquam

214 2009 326 2086 electi
350 2009 498 2087 fuerint
519 2010 653 2086 nullus
678 2036 813 2087 eorum
836 2009 986 2086 invitus
1007 2010 1200 2087 removeri
1225 2016 1355 2110 potest
1377 2008 1454 2084 nisi

215 2153 263 2202 ex
287 2127 465 2225 legitima
489 2133 530 2202 et
548 2127 659 2225 justa
681 2153 809 2221 eausa,
827 2129 932 2203 etde
949 2126 1110 2203 consilio
1131 2135 1348 2203 ceterorum
1365 2151 1453 2202 con·

216 2244 422 2319 sulterum.
473 2243 499 2319 J
502 2250 590 2319 usta
615 2251 746 2320 autem
773 2243 900 2319 aderit
922 2268 1048 2337 eausa,
1069 2241 1104 2319 si
1129 2243 1180 2319 ob
1204 2250 1454 2337 senectutem,

215 2359 483 2435 infirmitatem
509 2366 550 2435 et
574 2360 721 2435 similia
745 2361 796 2436 ad
825 2359 1058 2436 consultoris
1090 2367 1222 2459 partes
1256 2359 1455 2435 obeundas

216 2475 401 2550 inhabilis
418 2476 577 2551 effectus
593 2475 722 2570 fuerit,
736 2483 805 2552 aut
821 2475 994 2577 graviter
1010 2474 1273 2576 delinquendo
1292 2500 1457 2552 munere

216 2590 409 2690 ejusmodi
440 2591 650 2667 honorifico
678 2591 885 2691 indignum
911 2616 995 2667 sese
1019 2591 1246 2688 reddiderit,
1271 2591 1336 2669 vel
1365 2616 1454 2691 pro·

217 2707 304 2806 pria
329 2709 448 2806 culpa
473 2707 646 2783 notabile
670 2733 809 2807 passus
834 2707 887 2783 sit
910 2708 1038 2784 famae
1062 2700 1353 2785 detrimentum.
1405 2708 1456 2784 In

217 2824 344 2899 locum
378 2823 611 2899 consultoris
644 2824 869 2918 recedentis,
895 2823 980 2900 sive
1011 2824 1248 2919 remotionis,
1279 2824 1363 2901 sive
1395 2851 1455 2901 re·

218 2940 474 3015 nuntiationis
503 2939 580 3035 via,
608 2938 826 3040 Episcopus
859 2940 981 3016 alium
1016 2941 1188 3034 sufficiet,
1214 2942 1264 3017 de
1293 2940 1456 3018 oonsilio

216 3063 348 3130 tamen
383 3056 622 3155 reliquorum
666 3058 942 3133 consultorum.
996 3058 1098 3133 Casu
1131 3083 1207 3157 quo
1240 3057 1457 3134 triennium

218 3172 416 3270 exspirare
437 3173 644 3272 contigerit
664 3181 840 3273 tempore
857 3173 1070 3250 vacationis
1092 3174 1196 3250 sedis
1212 3174 1457 3274 episcopalis,

218 3289 457 3364 consultores
483 3289 524 3363 in
551 3289 674 3364 officio
694 3291 909 3365 manebunt
933 3293 1128 3390 usquead
1151 3315 1345 3366 aceessum
1363 3289 1458 3365 novi

219 3404 415 3504 Episcopi,
441 3405 508 3504 qui
539 3405 644 3481 intra
669 3431 736 3481 sex
761 3432 914 3482 menses
940 3433 964 3482 a
988 3407 1274 3483 consecratione
1303 3432 1376 3483 sua
1403 3407 1458 3484 ad

220 3545 361 3595 novam
381 3522 648 3597 consultorum
666 3523 893 3598 electionem
910 3522 1192 3599 instituendam
1208 3531 1375 3600 tenetur.

269 3637 485 3713 Consilium
520 3639 787 3715 consultorum
822 3640 1085 3739 praestabitur
1117 3639 1382 3740 collegialiter,
1415 3646 1460 3717 et

219 3752 369 3853 quoties
388 3753 443 3829 eis
461 3755 518 3830 ita
534 3755 743 3849 videbitur,
762 3755 918 3830 secretis
935 3755 1141 3855 suffragiis,
1158 3756 1323 3855 ideoque
1339 3757 1457 3856 Epis·

219 3895 338 3968 copus
357 3896 422 3946 eos
441 3879 577 3970 quater
593 3871 634 3946 in
654 3897 755 3947 anno
774 3872 931 3947 statutis
954 3873 1194 3970 temporibus
1217 3873 1457 3969 convocabit,

218 3987 292 4077 vel,
321 3987 386 4061 ubi
422 3987 463 4062 id
497 3987 581 4063 fieri
608 4014 685 4063 non
712 3995 852 4087 potest,
878 3988 1018 4064 saltem
1044 3988 1105 4064 bis
1129 3988 1172 4065 in
1197 4014 1322 4084 anno;
1357 3990 1458 4066 alias

219 4128 310 4177 vero
330 4104 480 4203 quoties
499 4105 549 4179 ad
568 4108 839 4204 pertractanda
856 4106 1012 4205 negotia
1028 4106 1104 4182 erit
1120 4108 1392 4183 necessarium.

268 4222 329 4294 22.
368 4221 466 4295 Sede
501 4219 711 4319 episcopali
740 4229 912 4315 vacante,
944 4221 1238 4298 administrator
1270 4223 1458 4299 dioecesis

217 4335 422 4412 consilium
452 4337 716 4412 consultorum
743 4339 927 4414 adhibere
951 4345 1117 4433 tenetur,
1137 4339 1252 4439 juxta
1275 4364 1458 4415 normam

218 4477 336 4549 supra
355 4461 541 4528 statutam
561 4456 686 4551 quoad
705 4455 969 4529 consultorum
988 4455 1269 4535 attributiones.

253 4617 260 4649 ¹
272 4619 340 4670 l'ide
353 4620 493 4671 Decretum
505 4620 538 4671 de
550 4620 683 4671 Bonorum
697 4621 766 4673 Eccl.
779 4621 957 4688 Alienatione,
970 4640 1053 4689 supro,
1066 4639 1091 4688 p.
1103 4621 1157 4675 ciii.
