3142 5242
1359 405 1372 445 t

296 725 827 825 conenncnnonns
866 683 1375 822 Pnnnnnnnnns

629 980 660 1047 I.
691 981 1043 1046 hlsrnoronmauun.

260 1117 358 1184 Feria
371 1118 431 1202 V,
448 1118 501 1184 die
524 1121 544 1186 6
567 1117 773 1184 Novembris.
818 1115 912 1182 Hora
932 1117 1047 1204 quinta
1067 1115 1316 1204 postmeridiana
1336 1138 1454 1182 conve·

216 1231 334 1287 nerunt
347 1245 457 1288 omnes
472 1221 699 1308 Metropolitae
712 1220 748 1286 in
762 1221 894 1286 aedibus
904 1220 1225 1307 archiepiscopalibus
1238 1226 1271 1284 et
1283 1218 1454 1284 familiari-

217 1334 266 1390 ter
279 1325 365 1390 inter
378 1347 412 1390 se
425 1324 559 1391 consilia
579 1324 784 1390 contulerunt
797 1324 838 1389 de
851 1323 1002 1390 omnibus
1015 1345 1097 1410 quae
1115 1320 1157 1387 ad
1175 1322 1314 1389 Concilii
1327 1323 1453 1387 exitum

217 1427 342 1493 felicem
357 1429 615 1515 promovendum
629 1427 804 1493 conducere
817 1435 954 1514 possent.

436 1602 487 1668 II.
518 1603 884 1668 Anonmenooronun
906 1621 951 1666 ur
973 1602 1235 1668 Enrscorcuun.

261 1740 358 1807 Faria
375 1741 456 1824 VI,
477 1740 531 1807 die
555 1741 574 1807 7
598 1740 803 1807 Novembris.
859 1740 954 1806 Hora
975 1740 1181 1827 sesqui-nona
1202 1738 1454 1805 antemeridiana

217 1853 435 1911 convenerunt
448 1844 693 1930 Archiepiscopi
712 1853 746 1910 et
767 1843 920 1931 Episcopi
941 1844 978 1909 in
999 1843 1075 1909 aula
1094 1842 1257 1909 seminarii
1277 1842 1312 1909 S.
1327 1841 1454 1909 Mariae

218 1946 265 2036 (S.
279 1947 428 2036 Sulpitii)
448 1957 488 2013 ut
507 1956 613 2013 totum
634 1947 774 2014 Concilii
795 1949 960 2035 negotium
980 1970 1019 2013 ac
1038 1946 1185 2013 ordinem
1204 1945 1386 2014 definirent.

270 2051 445 2139 Delegatus
472 2051 690 2137 Apostolicus,
718 2052 851 2118 recitata
881 2052 1025 2118 oratione
1052 2050 1222 2141 Adeamus,
1250 2049 1381 2116 brevem
1409 2048 1452 2117 ad

217 2154 329 2220 Patres
350 2154 576 2221 allocutionem
597 2153 798 2244 habuitque
821 2178 876 2222 eos
897 2154 979 2221 laete
999 2154 1125 2241 excepit
1146 2164 1181 2220 et
1201 2155 1348 2220 omnium
1369 2176 1453 2243 quae

217 2258 380 2346 hucusque
401 2259 485 2324 facta
506 2258 648 2343 fuorunt,
662 2260 821 2326 rationem
841 2259 1013 2346 exposuit:
1034 2258 1144 2324 omnia
1161 2257 1452 2347 scilicetquantum

217 2362 253 2427 in
265 2370 420 2450 potestate
430 2384 489 2427 sua
498 2362 640 2449 positum
653 2372 731 2447 erat,
742 2373 930 2450 praeparata
942 2385 1009 2428 esse
1021 2385 1081 2449 pro
1096 2362 1242 2429 Concilio
1251 2362 1451 2446 celebrando,

216 2488 282 2531 non
303 2488 341 2532 eo
361 2465 473 2552 utique
486 2466 550 2531 fine
571 2474 610 2531 nt
629 2466 762 2554 propria
781 2489 842 2532 sua
861 2488 953 2532 sensa
974 2465 1127 2532 Patribus
1143 2466 1331 2552 imponeret,
1344 2465 1402 2532 sed
1414 2476 1453 2533 ut

216 2569 345 2656 ipsimet
366 2591 404 2634 eo
427 2569 608 2657 promptius
629 2569 807 2657 meliusque
828 2569 967 2636 Consilii
992 2570 1120 2657 negotia
1141 2568 1291 2656 expedire
1311 2578 1451 2657 possent

217 2672 334 2760 Itaque
354 2673 513 2760 expeditis
534 2672 654 2738 Litoris
675 2672 869 2740 Indictionis
889 2672 989 2739 simul
1009 2696 1084 2740 cum
1104 2673 1341 2760 exemplaribus
1362 2673 1453 2739 Lite-

216 2799 325 2842 rarum
349 2776 611 2863 Apostolicorum
636 2777 808 2863 impressis,
832 2799 868 2842 se
895 2777 1080 2843 universam
1107 2776 1284 2843 Schematis
1309 2776 1453 2843 Romani

216 2881 390 2964 mutarim,
405 2902 487 2966 quae
501 2878 624 2947 Romae
644 2880 681 2946 in
702 2891 864 2948 conventu
878 2881 1202 2968 Archiepiscoporum
1215 2904 1322 2946 coram
1337 2880 1453 2947 Cardi-

215 2983 282 3049 nali
303 2983 469 3049 Praefecto
490 2982 525 3049 S.
545 2983 811 3071 Congregationis
831 2985 873 3050 de
893 2985 934 3051 P.
953 2983 994 3050 F.
1012 3007 1098 3049 anno
1119 2986 1291 3071 praeterito
1310 2984 1454 3051 discussa

215 3087 333 3172 fuerat,
354 3087 440 3152 inter
468 3085 693 3174 Metropolitas
722 3087 994 3173 distribuissent
1020 3086 1062 3153 de
1089 3097 1180 3176 parte
1203 3088 1266 3153 sibi
1290 3089 1454 3176 assignata

215 3191 435 3279 unusquisque
454 3213 530 3256 cnm
551 3189 760 3279 suffraganeis
775 3193 960 3280 provinciae
974 3202 1098 3257 mature
1111 3191 1309 3258 deliberaret.
1354 3191 1454 3258 Rela-

215 3295 317 3360 tioncs
338 3295 473 3360 istarum
494 3294 761 3360 deliberationum
782 3306 924 3382 acceptus
943 3319 982 3361 ac
1001 3297 1091 3383 typis
1111 3296 1279 3383 impressas
1300 3296 1454 3363 omnibus

216 3398 384 3485 Episcopis
397 3398 441 3464 ad
455 3397 639 3464 Concilium
648 3399 773 3466 vocatis
785 3399 1034 3465 communicatas
1048 3398 1157 3483 fuisse,
1167 3407 1206 3465 ut
1219 3398 1248 3464 si
1261 3421 1344 3486 quae
1356 3398 1454 3486 plura

214 3500 413 3590 suggerenda
434 3501 632 3586 viderentur,
655 3502 883 3590 significarent.
942 3502 1085 3568 Demum
1106 3503 1263 3569 accersitis
1287 3491 1338 3568 ex*
1351 3503 1455 3569 variis

215 3606 392 3693 provinciis
415 3605 575 3694 theologis
598 3605 641 3672 ab
665 3604 850 3673 Ordinariis
874 3629 986 3673 eorum
1011 3606 1250 3691 commendatis,
1272 3606 1455 3673 Schematis

216 3709 356 3775 Romani
376 3709 534 3794 materias,
555 3709 766 3776 relationibus
788 3708 1072 3798 Metropolitanum
1095 3732 1173 3797 prae
1196 3710 1299 3776 oculis
1319 3709 1453 3795 habitis,

214 3813 250 3879 in
272 3812 410 3878 formam
431 3811 629 3879 decretorum
650 3813 793 3880 redactas
814 3813 923 3882 fuisse.
967 3813 1099 3879 Horum
1121 3814 1322 3879 decretorum
1341 3836 1454 3880 exem·

214 3917 287 4004 plar
299 3916 343 3983 ad
358 3938 617 4006 unumquemque
638 3916 838 4004 Episcopum
858 3917 1081 3995 transmissum
1102 3916 1211 4002 fuisse,
1225 3941 1291 4005 quo
1308 3919 1455 4006 paratior

214 4030 310 4107 atque
330 4020 515 4086 instructior
535 4019 578 4086 ad
599 4021 783 4086 Concilium
802 4022 947 4088 accedere
966 4022 1076 4109 possit.
1124 4021 1210 4088 Cum
1227 4044 1306 4087 vero
1325 4031 1455 4110 praeter

215 4123 413 4189 decretorum
427 4122 563 4189 Schema
575 4146 699 4189 neeesse
719 4124 763 4189 sit
783 4147 861 4211 prae
880 4126 1029 4191 manibus
1049 4124 1167 4190 habere
1187 4126 1333 4190 ordinem
1351 4148 1453 4210 agen-

215 4226 340 4309 dorum,
353 4248 418 4313 quo
431 4233 536 4290 totum
547 4225 687 4293 Concilii
700 4227 865 4314 negotium
878 4240 961 4294 recte
974 4228 1173 4314 disponatur,
1183 4251 1217 4293 se
1226 4231 1296 4315 jam
1311 4228 1451 4295 Patrum

215 4328 356 4396 examini
380 4337 413 4394 et
437 4330 661 4415 approbationi
688 4333 875 4397 submittere
903 4332 1049 4397 libellum
1074 4333 1110 4396 in
1135 4355 1200 4417 quo
1228 4331 1454 4417 depurationes

215 4433 446 4520 theologorum,
468 4433 577 4498 variae
598 4437 857 4520 congregationes
879 4437 1093 4521 cessionesque
1117 4433 1290 4517 habendae,
1310 4435 1454 4503 deliber-

215 4537 291 4601 andi
335 4535 514 4619 methodus
550 4536 630 4601 ordo
673 4540 871 4621 concionum,
908 4539 1033 4626 aliaque
1073 4539 1189 4625 plura,
1211 4550 1453 4625 proponuntur.

345 4659 413 4714 xxiv
