3142 5242
167 454 230 517 162
317 469 501 517 ‘rl'ronvs
530 468 707 517 IX.-DB
736 468 861 515 BONIS
890 466 1254 515 ncctnsusrlcm.

164 625 237 700 bus
251 633 436 700 statuant.
486 623 688 701 Edicimus
704 623 823 700 etiam
842 649 890 699 ne
907 623 995 722 quis
1007 631 1133 698 rector
1149 630 1220 698 aut
1236 620 1401 721 quilibet

164 743 342 816 sacerdos
364 742 545 817 ecclesiae
570 739 774 840 pecuniam
791 739 834 815 in
852 765 987 815 mensa
1004 738 1228 814 numularia
1245 737 1398 837 privato

164 882 234 932 suo
252 856 410 933 nomine
427 856 644 956 depositam
661 864 801 946 teneat,
816 863 884 931 aut
896 881 1053 931 mensae
1069 854 1250 930 libellum
1272 854 1398 951 (Book

165 974 266 1071 boola)
288 999 382 1049 suae
406 973 583 1073 privatae
607 997 795 1072 personae
819 971 977 1047 inscribi
998 970 1212 1072 permittat.
1270 971 1397 1068 (Cone.

164 1088 273 1165 Plen.
293 1090 396 1165 Balt.
415 1090 483 1183 IL,
501 1089 540 1165 N
541 1117 576 1165 o.
595 1090 695 1187 188.)

212 1208 300 1284 281.
335 1208 395 1283 Ob
427 1205 565 1306 gratia
597 1232 705 1282 secus
740 1207 888 1283 oritura
916 1207 1161 1282 incommoda
1196 1228 1396 1279 monemus

164 1326 380 1399 sacerdotes
416 1331 461 1399 ut
492 1347 704 1422 congruam
738 1349 851 1399 suam
893 1349 963 1398 seu
1004 1321 1204 1415 salarium,
1239 1320 1317 1395 nisi
1357 1320 1396 1394 id

163 1440 343 1515 eeclesiae
372 1442 519 1516 donare
547 1439 682 1532 velint,
712 1448 933 1538 opportuno
963 1446 1139 1536 tempore
1171 1437 1328 1535 erigere
1359 1442 1396 1510 et

164 1557 360 1656 percipere
386 1582 464 1632 non
490 1555 701 1655 negligant.
753 1555 848 1631 Ideo
875 1555 1084 1632 statuimus
1110 1552 1267 1652 eosqui
1287 1576 1394 1653 pecu·

164 1671 269 1748 niam
287 1698 333 1748 ea
348 1673 501 1748 ratione
517 1671 592 1747 sibi
609 1670 781 1748 debitam
806 1671 911 1747 infra
929 1696 1077 1748 annum
1095 1696 1119 1745 a
1135 1668 1394 1767 terminoque

162 1790 350 1865 solvenda
391 1797 486 1882 erat,
529 1788 728 1889 percipere
770 1789 983 1882 omiserint,
1025 1794 1095 1863 aut
1135 1787 1278 1861 saltem
1321 1808 1394 1860 non

162 1907 361 2005 exegerint
384 1931 456 2005 per
481 1905 670 2004 scriptum
687 1907 738 1981 ab
761 1904 968 1981 Ordinatio
986 1904 1049 1979 vel
1067 1902 1151 2002 ejus
1167 1900 1395 1977 cancellario

163 2023 382 2122 probatum,
413 2048 458 2098 eo
492 2023 578 2121 ipso
611 2021 858 2098 renuntiasse
883 2020 968 2120 juri
1001 2046 1094 2114 suo,.
1112 2045 1256 2119 eosque
1291 2018 1395 2095 nullo

162 2138 278 2214 titulo
304 2148 439 2238 postea
464 2164 659 2214 summam
676 2137 794 2212 istam
811 2146 986 2236 repetere
1002 2160 1126 2236 posse.
1179 2135 1395 2226 Praeterea,

163 2253 196 2330 si
230 2255 317 2355 quis
351 2258 529 2331 sacerdos
562 2253 769 2355 pecuniam
802 2254 1003 2355 propriam
1037 2252 1079 2328 in
1113 2251 1298 2329 ecclesiae
1331 2277 1397 2327 seu

162 2371 359 2447 missionis
393 2399 508 2448 usum
542 2380 678 2447 mutuo
712 2372 887 2447 conferre
915 2370 1022 2465 velit,
1049 2369 1092 2446 id
1126 2368 1289 2445 omnino
1324 2394 1397 2443 nen

161 2488 230 2564 fiat
272 2487 348 2563 nisi
391 2490 580 2588 probante
613 2486 656 2562 in
690 2487 845 2585 scriptis
887 2486 1107 2563 Ordinario.
1164 2485 1398 2561 conficiatur

161 2603 322 2702 insuper
346 2613 525 2681 accurata
548 2604 606 2680 rei
637 2602 777 2679 notitia
801 2604 853 2680 ab
877 2602 1044 2678 aedituis
1068 2603 1274 2701 signanda,
1301 2626 1397 2700 quae

127 2710 129 2716 ’
161 2719 203 2795 in
229 2721 387 2796 archivo
413 2720 628 2822 parochiali
654 2728 841 2796 servetur.
894 2719 995 2793 Item
1013 2718 1054 2793 in
1073 2718 1184 2792 libro·
1200 2717 1398 2793 rationum

161 2861 224 2912 res
240 2840 439 2916 referatur.
497 2839 625 2935 (Cone.
644 2837 755 2912 Plen.
774 2837 877 2912 Balt.
897 2836 965 2927 IL,
983 2835 1058 2911 No.
1077 2837 1178 2933 193.)

212 2958 298 3030 282.
335 2956 518 3030 Rectores
561 2979 756 3029 summam
796 2953 981 3028 adhibere
1014 2951 1157 3028 debent
1189 2976 1325 3025 curam
1358 2948 1399 3025 in

162 3072 383 3146 obtinendis
401 3071 685 3169 proprietatum
708 3069 1053 3144 ecclesiasticarum
1078 3067 1205 3142 titulis
1236 3068 1399 3165 (Derda).

163 3187 377 3285 Postquam
396 3214 420 3262 a
437 3187 533 3260 viris
551 3185 687 3284 peritis
713 3184 1012 3283 diligentissime
1036 3182 1224 3281 recogniti
1242 3183 1398 3273 fuerint,

163 3328 228 3378 eos
255 3303 447 3402 Episcopo
474 3303 696 3402 probandos
720 3301 938 3392 exhibeant,
956 3309 1001 3375 ut
1026 3302 1184 3375 demum
1208 3298 1348 3373 formis
1363 3306 1401 3372 et

78 3413 82 3420 ’
162 3420 324 3494 cautelis
341 3427 425 3494 turn
444 3446 468 3495 a
484 3420 569 3518 loge
585 3417 692 3493 civili
709 3426 796 3493 tum
812 3417 1039 3492 dioecesana
1055 3413 1252 3513 requisitis
1272 3413 1402 3489 vestiti

135 3566 138 3571 ·
161 3534 204 3610 in
222 3536 381 3611 archivo
399 3536 624 3611 dioecesano
644 3536 899 3633 deponantur.

213 3654 297 3727 283.
334 3652 501 3750 Propter
513 3649 889 3750 semperimminens
902 3649 1169 3726 incendiorum
1183 3649 1402 3747 periculum

162 3771 407 3861 mandamus,
434 3775 478 3844 ut
503 3767 637 3843 omnia
660 3766 835 3843 aedificia
858 3765 1115 3842 ecclesiastiea
1139 3772 1277 3839 centra
1293 3767 1402 3840 dam·

162 3910 257 3960 num
275 3910 324 3959 ex
339 3883 519 3959 incendio
544 3883 766 3975 oriundum,
783 3883 834 3957 ab
859 3907 939 3958 una
955 3881 1018 3957 vel
1043 3880 1223 3980 pluribus
1240 3880 1401 3955 societa-

160 4001 267 4076 tibus
292 4000 433 4075 fiducia
447 4000 615 4099 ‘publica
639 3998 778 4073 merito
803 3998 1074 4097 gaudentibus,
1093 3995 1251 4070 nomine
1267 4018 1403 4093 corpo·

160 4117 324 4190 rationis
342 4116 405 4190 vel
424 4114 622 4191 Ordinarii
639 4113 871 4212 tempestive
888 4120 1168 4188 assecurentur.

595 4438 945 4448 ——-
