3142 5242
345 486 400 532 DE
429 486 536 534 VITA
566 487 617 532 Er
647 487 905 533 HONESTATE
934 486 1229 533 CLERICORUM.
1363 471 1405 534 39

581 870 797 947 CAPUT
835 872 989 950 VIII.

360 1053 425 1128 Dr
449 1054 560 1130 Vrrn
586 1076 636 1129 nr
662 1054 910 1130 Hoxnsrnrn
937 1055 1216 1131 Connrconou.

219 1220 279 1298 74.
307 1220 416 1295 Inter
433 1220 633 1320 praeclara
649 1221 799 1296 monita
816 1248 839 1295 a
854 1221 1037 1296 Patribus
1050 1221 1213 1296 Concilii
1232 1219 1404 1296 Plenarii

168 1335 380 1436 superioris
410 1337 592 1411 omnibus
620 1337 786 1412 istarum
816 1336 1106 1436 provinciarum
1135 1337 1285 1413 clericis
1315 1363 1403 1437 pro·

167 1452 296 1552 posita
312 1476 391 1528 non
409 1452 593 1528 ultimum
610 1459 745 1529 tenent
766 1454 895 1529 locum
912 1452 1069 1553 quaein
1088 1453 1214 1552 capite
1230 1460 1337 1529 sexto
1355 1454 1404 1529 de

166 1568 250 1644 vita
283 1575 324 1644 et
355 1568 557 1644 honestate
590 1569 816 1646 clericorum
859 1577 1037 1646 tractant.
1106 1569 1215 1660 Quae
1256 1569 1403 1646 ibidem

167 1684 426 1760 saluberrima
449 1684 734 1784 praedicantur,
752 1688 802 1762 de
828 1711 929 1761 novo
955 1687 1229 1761 confirmamus
1254 1686 1404 1785 totique

169 1808 303 1876 nostro
335 1800 438 1877 clero
476 1808 520 1876 ut
553 1827 599 1876 ea
632 1827 747 1901 saepe
781 1801 1012 1900 saepiusque
1045 1802 1178 1878 animo
1211 1803 1404 1902 profunde
1477 1852 1479 1856 -

166 1917 340 1993 recolant
360 1917 460 1992 serio
476 1919 805 1993 commendamus.
859 1916 1023 1992 Interim
1041 1919 1232 2017 quaedam
1253 1918 1403 1994 clericis

167 2040 236 2109 aut
268 2033 444 2108 facienda
474 2041 543 2108 aut
575 2034 760 2132 fugienda
788 2034 852 2109 hic
882 2033 1101 2131 specialiter
1129 2033 1402 2128 indicabimus,

165 2155 284 2248 prout
320 2174 372 2224 ea
405 2150 529 2224 nostri
570 2150 739 2225 conditio
781 2149 971 2248 temporis
1013 2148 1139 2249 magis
1182 2156 1401 2249 opportune

166 2267 361 2341 monenda
386 2266 641 2342 demonstrat.

216 2381 238 2459 7
241 2384 277 2457 5.
305 2382 461 2472 Quanta
481 2382 533 2457 sit
552 2384 822 2461 exercitiorum
847 2382 1113 2485 spiritualium
1136 2383 1286 2459 utilitas
1307 2383 1403 2459 Pius

167 2495 242 2573 IX.
261 2497 323 2572 fel.
341 2523 427 2590 rec,
446 2498 551 2573 hisce
571 2499 700 2574 verbis
721 2501 936 2599 Episcopos
957 2508 1110 2575 monet:
1139 2500 1271 2574 “Cum
1292 2499 1403 2575 vobis

166 2621 409 2712 compertum
426 2614 479 2689 sit
495 2616 545 2689 ad
563 2615 808 2691 ecclesiastici
825 2616 975 2692 ordinis
988 2615 1219 2715 dignitatem
1237 2621 1277 2691 et
1293 2641 1402 2691 sanc·

166 2729 372 2806 timoniam
388 2730 633 2807 retinendam
658 2739 698 2807 et
722 2734 1027 2808 conservandam
1053 2732 1164 2831 pium
1189 2731 1402 2831 spirituali·

167 2871 235 2921 um
259 2847 532 2922 exercitiorum
557 2846 781 2924 institutum
798 2849 862 2924 vel
880 2849 1050 2924 maxime
1072 2850 1304 2941 conducere;
1330 2873 1402 2948 pro

167 2961 393 3061 Episcopali
412 2970 542 3038 vestro
562 2964 644 3040 zelo
665 2972 747 3039 tam
768 2965 940 3041 salutare
960 2990 1059 3063 opus
1080 2989 1228 3067 urgere,
1249 2989 1399 3039 omnes·

166 3103 240 3178 que
266 3078 309 3153 in
330 3086 476 3155 sortem
502 3079 662 3155 Domini
683 3088 838 3157 vocatos
859 3107 1027 3172 monere,
1045 3080 1195 3156 hortari
1213 3107 1261 3156 ne
1281 3081 1400 3157 inter·

165 3193 343 3288 mittatis
361 3202 407 3271 ut
427 3221 542 3294 saepe
564 3197 605 3271 in
627 3205 891 3297 opportunum
915 3197 1084 3296 aliquem
1108 3197 1236 3272 locum
1260 3196 1400 3272 iisdem

165 3312 398 3410 peragendis
431 3313 622 3387 exercitiis
664 3316 854 3408 secedant,
890 3339 966 3413 quo
999 3312 1255 3389 exterioribus
1297 3314 1401 3390 curis

166 3427 345 3528 sepositis
368 3453 413 3503 ac
432 3428 713 3504 vehementiori
736 3429 865 3505 studio
889 3437 1136 3504 aeternarum
1159 3429 1399 3504 divinarum·

166 3569 241 3643 que
264 3569 397 3620 rerum
424 3544 668 3620 meditationi
693 3552 885 3639 vacantes,
909 3551 950 3620 et
973 3541 1189 3620 contractas
1214 3546 1264 3620 de
1288 3570 1400 3620 mun·

166 3661 267 3735 dano
284 3660 447 3760 pulvere
463 3663 596 3736 sordes
614 3663 822 3760 detergere,
840 3668 881 3738 et
896 3661 1196 3737 ecclesiasticum
1218 3661 1400 3759 spiritum

164 3802 352 3852 renovare
381 3777 542 3876 possint,
570 3785 686 3877 atque
715 3779 975 3877 exspoliantes
1003 3785 1173 3852 veterem
1201 3777 1400 3852 hominem

164 3917 250 3968 cum
285 3893 435 3968 actibus
469 3894 562 3987 suis,
593 3918 739 3968 novum
772 3894 949 3986 induant,
980 3893 1048 3993 qui
1081 3901 1232 3970 creatus
1266 3900 1326 3969 est
1358 3893 1399 3969 in

161 4007 315 4107 justitia
339 4016 380 4085 et
404 4010 642 4086 sanctitate.’'
699 4010 871 4111 (Encycl.
894 4012 964 4100 qut
981 4013 1160 4110 pluribus,
1186 4012 1223 4086 d.
1248 4012 1273 4085 9
1299 4009 1399 4085 Nor.

165 4126 292 4224 1846.)
347 4126 562 4202 Statuimus
594 4127 726 4226 itaque
760 4133 806 4202 ut
839 4126 1026 4225 Episcopi
1059 4126 1206 4203 olerum
1241 4152 1400 4202 suarum

164 4240 398 4316 dioecesium
431 4242 640 4342 quotannis
674 4243 737 4318 vel
771 4243 912 4318 saltem
945 4242 1112 4341 singulis
1148 4241 1317 4317 bienniis
1357 4241 1399 4316 in

164 4383 317 4434 sacrum
333 4358 455 4434 istum
472 4385 663 4435 secessum
682 4361 836 4453 ducant,
850 4367 896 4434 ut
912 4384 1047 4434 omnes
1064 4365 1195 4433 mente
1211 4359 1400 4456 cordeque

164 4473 341 4550 renovati
366 4482 407 4551 et
430 4475 640 4574 ampliores
665 4476 798 4574 adepti
822 4475 970 4574 gratias
996 4475 1162 4568 divinae,
1180 4475 1231 4549 ad
1256 4498 1399 4548 munus

165 4590 263 4665 sacri
282 4591 489 4666 ministerii
507 4592 741 4667 fructuosius
754 4593 1020 4691 peragendum
1037 4593 1208 4666 redeant.
