3142 5242
507 452 562 498 nn
591 453 740 500 cnusrs
768 455 1065 502 cnsurcoruu.
1337 435 1400 497 289

167 606 202 672 in
216 605 319 673 officio
334 608 508 675 manebunt
530 632 630 696 usque
650 609 692 676 ad
713 611 894 698 proximam
910 611 1109 677 dioecesanae
1129 608 1246 696 synodi
1263 607 1401 674 celebra-

136 753 139 758 ·
166 712 296 793 tionem,
321 711 356 775 in
381 735 445 799 qua
467 712 521 779 vel
547 714 776 779 confirmentur
798 715 851 781 vel
873 715 931 780 alii
956 690 1066 781 eorum
1092 714 1161 780 loco
1185 712 1399 800 designentur.

167 814 267 896 Quod
280 815 309 880 si
329 815 491 881 interdum
506 827 609 883 morte
621 826 680 883 aut
692 819 927 885 renuntiatione
939 820 992 886 vel
1006 820 1071 885 alia
1083 840 1178 884 causa
1190 816 1401 904 praescriptus

166 919 422 984 consiliariorum
435 943 588 986 numerus
609 923 788 1006 minuatur,
798 914 978 1010 Episcopus
994 923 1105 989 audito
1119 921 1253 987 consilio
1265 928 1401 986 caetcrc

166 1044 240 1088 rum
254 1023 296 1088 ad
310 1024 565 1090 commissionem
578 1026 807 1112 pertinentium
821 1027 901 1092 alios
917 1027 1060 1094 sufficiet.
1105 1026 1208 1092 Porro
1221 1024 1401 1091 commissio
1424 1014 1428 1025 ’

165 1124 243 1191 haec
262 1128 480 1194 consultorum
499 1129 705 1196 iureiurando
725 1129 876 1196 obstricta
895 1141 1021 1196 teuctur
1041 1130 1083 1196 ad
1104 1128 1245 1197 officium
1266 1127 1402 1194 fideliter

166 1229 418 1317 adimplendum,
440 1242 473 1297 et
493 1233 638 1319 praeside
658 1233 820 1320 Episcopo
840 1233 894 1302 vel
917 1235 1036 1302 vicario
1061 1233 1200 1321 generali
1221 1255 1290 1299 rem
1310 1253 1402 1297 suam

166 1343 248 1421 aget.
290 1336 442 1402 Defensio
456 1346 563 1403 autem
577 1338 623 1402 rei
638 1337 699 1402 erit
713 1337 748 1402 in
762 1338 888 1425 scriptis
902 1337 1082 1404 exhibenda
1095 1338 1136 1402 ad
1151 1359 1297 1403 normam
1311 1358 1402 1423 prae·

165 1439 264 1504 sentis
279 1439 515 1508 Instructicnis.
747 1443 754 1455 '

209 1561 294 1610 xm.
324 1544 368 1609 In
382 1545 525 1632 qualibet
539 1545 638 1613 Curia
657 1546 828 1634 episcopali
847 1556 1033 1634 procurator
1051 1545 1164 1612 fiscalis
1184 1546 1401 1626 constituetur,
1432 1614 1435 1621 ,

167 1657 204 1712 ut
220 1648 358 1713 iustitiae
372 1661 404 1714 et
418 1649 482 1737 legi
495 1652 638 1716 satisfiat.
1169 1735 1173 1742 υ

210 1771 290 1819 XIV.
320 1753 387 1819 Pro
400 1754 657 1822 intimationibus
670 1757 724 1822 vel
741 1756 1020 1840 notificationibus
1036 1756 1063 1820 si
1077 1755 1272 1843 apparitores
1286 1754 1403 1821 Curiae

166 1855 281 1941 desint,
296 1867 407 1923 utatur
417 1858 596 1946 Episcopus
610 1883 745 1946 persona
757 1860 867 1947 aliqua
880 1860 1071 1948 qualificata,
1082 1882 1163 1948 quae
1177 1881 1229 1924 ecs
1243 1859 1401 1940 exhibeat,

165 1984 203 2026 ac
222 1960 265 2026 de
284 1961 346 2026 hcc
366 1963 474 2048 ipsum
494 1964 661 2028 certiorem
674 1964 788 2029 reddat
798 1956 810 2030 :¹
828 1963 882 2031 vel
903 1965 999 2028 etiam
1020 1987 1041 2029 a
1060 1963 1160 2029 Curia
1180 1985 1238 2049 per
1258 1961 1403 2048 publicos

166 2063 349 2131 tabellarios
368 2067 606 2132 commendatae
619 2066 750 2155 (quibus
772 2067 850 2133 locis
870 2066 932 2133 hoc
952 2074 1090 2152 systema
1103 2066 1224 2152 vigeat)
1238 2064 1403 2131 transmit·

165 2178 285 2253 tantur,
300 2170 460 2257 exquisita
474 2171 537 2236 fide
550 2171 758 2237 exhibitionis
771 2181 868 2258 atque
880 2171 1070 2257 acceptionis
1083 2170 1138 2250 vel
1151 2170 1287 2256 repudii.
1318 2168 1402 2233 Inti-

166 2274 321 2338 mationes
334 2284 367 2339 et
380 2275 610 2341 notificationes
623 2298 748 2362 semper
761 2275 796 2341 in
810 2275 938 2361 scriptis
950 2275 1094 2341 absolute
1108 2275 1197 2341 fiant.

210 2395 274 2443 xv.
300 2377 420 2443 Delicti
434 2377 677 2443 fundamentum
693 2379 762 2444 erui
776 2387 881 2466 potest
893 2402 933 2443 ex
949 2378 1019 2464 ipsa
1032 2379 1230 2464 expositione
1243 2377 1354 2444 habita
1367 2377 1401 2441 in

166 2503 323 2566 processu,
337 2505 420 2569 quac
436 2482 629 2547 authenticis
647 2482 929 2549 informationibus
942 2481 997 2549 vel
1011 2481 1206 2547 confessione
1224 2482 1402 2548 extraiudi-

166 2584 249 2667 ciali,
264 2585 317 2652 vel
336 2587 467 2651 testium
479 2585 732 2672 depositionibus
749 2586 974 2651 confirmetur:
996 2585 1203 2671 transgressio
1216 2608 1294 2650 vero
1311 2608 1402 2672 prae-

165 2689 248 2774 cepti
262 2712 303 2754 ex
317 2689 388 2776 ipso
400 2689 525 2755 decreto
539 2698 572 2755 et
584 2698 657 2755 actu
672 2688 884 2755 intimationis
903 2689 944 2753 ad
959 2710 1106 2754 normam
1120 2698 1180 2755 art.
1194 2706 1260 2754 vn.
1275 2697 1307 2753 et
1320 2706 1400 2755 vm.

166 2792 266 2858 factae
280 2793 458 2861 deducitur.

96 2882 99 2888 ’
207 2915 289 2964 xv1.
319 2896 375 2962 Ad
389 2897 619 2964 admittendam
632 2921 711 2967 vero
724 2899 770 2964 rei
792 2898 1043 2986 culpabilitatem
1065 2898 1237 2965 necessaria
1257 2907 1305 2963 cst
1326 2921 1401 2984 pro-

165 3000 252 3067 batio
274 3000 395 3089 legalis,
410 3025 491 3089 quae
512 3002 553 3067 iis
574 3003 744 3068 momentis
765 3013 908 3068 constare
927 3001 1031 3085 debet,
1045 3002 1164 3088 quibus
1186 3002 1305 3066 veritas
1325 3024 1400 3068 vere

165 3105 381 3171 demonstrata
400 3106 562 3190 elucescat,
583 3106 638 3171 vel
659 3107 772 3172 saltem
793 3105 924 3172 moralis
944 3105 1103 3171 convictio
1128 3103 1298 3171 induratur
1320 3128 1401 3192 quc-

164 3232 302 3296 cumque
314 3209 500 3275 rationabili
513 3209 615 3275 dubio
628 3209 767 3296 oppositi
781 3219 913 3276 remoto.

207 3331 302 3379 xvn.
332 3312 491 3378 Personae
514 3335 596 3400 quae
616 3312 756 3378 examini
777 3313 989 3378 subiiciendae
1010 3323 1095 3397 sunt,
1115 3313 1285 3400 separatim
1307 3313 1400 3379 audi-

165 3428 274 3483 untur.
1369 3470 1371 3475 ¹

207 3540 317 3590 xv111.
347 3523 456 3588 Testes
484 3522 526 3589 ad
554 3522 783 3611 probationem,
813 3523 882 3588 sive
910 3522 952 3587 ad
981 3523 1206 3605 defensionem,
1228 3523 1255 3587 si
1286 3521 1400 3608 legalia

165 3627 393 3713 impedimenta
413 3625 448 3691 id
469 3651 534 3692 non
558 3627 757 3713 prohibeant,
779 3627 953 3692 audiantur
976 3627 1127 3712 praestito
1152 3627 1331 3692 iuramento
1359 3626 1400 3692 de

165 3732 299 3796 veritate
312 3729 456 3814 dicenda,
468 3741 500 3797 et
513 3732 542 3796 si
555 3753 606 3796 res
620 3731 769 3816 postulet,
781 3730 877 3795 etiam
891 3730 933 3795 de
945 3741 1063 3795 secreto
1072 3729 1238 3797 servando.
1285 3730 1400 3817 Itaque

164 3843 335 3922 antequam
355 3836 572 3918 testificentur,
587 3858 661 3899 cum
681 3834 723 3899 ‹le
743 3835 877 3901 veritate
898 3843 969 3898 tum
990 3833 1031 3899 de
1052 3844 1170 3900 secreto
1187 3834 1303 3900 iurent.
1350 3834 1400 3900 Eo

165 3940 268 4026 magis
288 3938 330 4004 de
350 3936 454 4004 officio
475 3937 613 4004 fideliter
631 3936 838 4024 adimplendo
858 3947 891 4002 ct
911 3937 952 4002 de
972 3948 1101 4020 secreto,
1122 3960 1182 4024 pro
1207 3938 1253 4003 rei
1275 3938 1315 4003 de
1336 3961 1400 4025 qua

165 4043 272 4128 agitur
296 4042 467 4130 exigentia,
488 4043 646 4109 servando
667 4064 777 4107 omnes
798 4041 976 4106 iuramento
997 4042 1141 4106 obstricti
1170 4042 1237 4107 siut
1265 4051 1399 4129 oportet,

165 4146 222 4233 qui
237 4147 272 4211 in
287 4147 495 4212 instructione
508 4168 671 4232 processus
685 4169 725 4210 cx
739 4168 799 4210 suo
812 4167 943 4210 munere
958 4154 1081 4232 partein
1094 4145 1236 4232 aliquam
1252 4145 1400 4212 habmut.

209 4269 290 4317 xnr.
320 4251 429 4316 Testes
439 4251 497 4337 qui
508 4251 542 4315 in
555 4250 632 4317 locis
647 4249 742 4337 longe
754 4248 875 4314 dissitis
885 4248 939 4314 vel
955 4249 990 4313 in
1003 4249 1108 4315 aliena
1120 4249 1256 4315 dioecesi
1268 4249 1402 4337 degunt,

166 4355 326 4421 mediante
345 4356 532 4420 auctoritate
552 4353 760 4420 ecclesiastica
780 4351 844 4418 loci
865 4353 901 4418 in
922 4376 989 4441 quo
1010 4361 1152 4437 manent,
1168 4353 1401 4436 examinentur,

165 4459 201 4524 in
223 4481 320 4546 quem
341 4459 439 4525 finem
459 4459 618 4544 specimen
639 4457 797 4523 factorum
812 4457 1066 4523 transmittetur:
1087 4479 1169 4544 quac
1182 4456 1313 4545 quidem
1327 4480 1402 4522 auc-

166 4563 277 4628 toritas
288 4561 323 4627 in
334 4562 537 4649 responsione
547 4583 675 4627 normas
685 4560 722 4625 in
732 4560 792 4626 hac
802 4558 1019 4626 Instructione
1032 4568 1196 4625 contentas
1210 4559 1403 4627 observabit.
