3142 5242
245 462 300 507 DE
329 462 753 509 DISPENSATIONIBUS
784 463 1216 509 MATRIMONIALIBUS.
1285 445 1348 509 253

158 621 187 684 6.
227 617 341 682 Variae
362 620 617 700 circumstantiae,
632 619 751 684 scilicet
772 643 814 684 an
836 620 1077 684 matrimonium
1099 619 1142 684 sit
1162 617 1350 683 contrahen-

111 721 202 805 dum,
218 722 272 788 vel
287 732 504 806 contractum
525 723 553 788 si
570 723 633 788 iam
650 733 858 807 contractum,
872 724 990 811 aperiri
1004 723 1108 806 debet,
1122 745 1164 787 an
1179 722 1264 802 bona
1277 720 1349 805 fide,

111 825 224 891 saltem
246 849 287 891 er
309 838 399 914 parte
415 827 521 911 unius,
536 827 590 892 vel
604 850 678 892 cum
692 828 823 893 seientia
838 826 1059 916 impedimenti
1068 853 1080 910 ;
1102 826 1178 892 item
1197 849 1240 891 an
1259 849 1350 912 prae-

111 930 217 995 missis
238 930 544 1016 denuntiationibus,
568 941 599 997 et
628 932 720 996 iuxta
748 931 887 997 formam
916 931 1121 1014 Tridentini,
1150 930 1206 997 vel
1231 953 1272 995 an
1295 952 1351 1016 spe

111 1033 239 1100 facilius
260 1035 527 1123 dispensationem
550 1036 737 1119 obtinendi3
766 1037 897 1102 demum
918 1059 961 1102 an
983 1036 1025 1101 sit
1041 1043 1306 1117 consummatum,
1321 1034 1349 1099 si

111 1138 197 1205 mala
210 1138 283 1222 fide,
297 1139 409 1204 saltem
424 1141 521 1205 unius
535 1141 645 1227 partis,
660 1163 715 1205 seu
730 1163 803 1205 eum
819 1140 950 1205 scientia
965 1139 1196 1229 impedimenti.

156 1243 185 1308 7.
207 1243 327 1330 &pala
340 1245 510 1308 irwestuoso
524 1244 634 1310 habita
645 1244 729 1309 inter
742 1266 876 1331 sponsos
889 1254 963 1309 ante
976 1243 1223 1331 dispensationis
1237 1266 1349 1309 execu-

110 1346 241 1430 tionem,
270 1348 339 1413 sive
367 1349 449 1431 ante',
480 1348 550 1414 sive
578 1356 653 1435 post
684 1349 752 1413 eius
781 1347 1047 1435 impetrationem,
1076 1348 1146 1413 sive
1174 1347 1350 1413 intentione

110 1450 237 1516 facilius
254 1451 522 1538 dispensationem
542 1452 719 1535 obtinendi,
734 1452 803 1518 sive
825 1453 921 1517 etiam
943 1451 1064 1517 seclusa
1083 1451 1141 1517 tali
1164 1451 1349 1535 intentione,

109 1565 142 1620 et
164 1554 233 1620 sive
255 1556 370 1642 copula
395 1556 522 1643 publioe
546 1566 623 1626 nota
645 1557 698 1640 sit,
721 1556 791 1622 sive
814 1556 911 1621 etiam
935 1555 1067 1622 occulta.
1112 1555 1148 1622 Si
1174 1555 1252 1621 haee
1273 1554 1349 1620 reti-

109 1669 249 1742 ceantur,
264 1661 469 1747 subreptitias
490 1683 556 1726 esse
577 1669 609 1726 et
630 1660 749 1725 nullibi
770 1683 807 1725 ac
829 1660 921 1725 nullo
943 1660 1039 1725 modo
1058 1660 1166 1725 valere
1186 1659 1349 1747 dispensa·

109 1765 212 1829 tiones
247 1787 343 1851 super
372 1765 624 1852 quibuscumque
660 1764 813 1852 gradibus
849 1764 1021 1851 prohibitis
1054 1763 1348 1851 consanguinitatis,
1440 1756 1448 1771 ’

108 1867 284 1951 affinitatis,
310 1869 508 1956 cognationis
537 1869 723 1956 spiritualis,
749 1878 781 1934 et
810 1868 930 1955 legalis,
961 1891 1019 1933 nec
1047 1891 1112 1933 non
1142 1878 1175 1933 et
1202 1867 1349 1955 publiano

109 1970 284 2038 honestatis
305 1972 479 2038 declaravit
501 1972 533 2039 S.
558 1973 771 2061 Congregatio
793 1973 825 2038 S.
850 1970 969 2056 Officii,
992 1972 1066 2039 Fer.
1088 1991 1139 2038 Ν.
1163 1976 1179 2037 1
1204 1971 1348 2059 Augusti

78 2079 229 2175 ,1866.*
276 2076 318 2141 In
333 2077 469 2163 petenda
483 2100 560 2143 vero
574 2076 809 2164 dispensatione
827 2099 924 2165 super
938 2071 1167 2164 impedimento
1185 2073 1349 2141 affinitatis

108 2180 207 2266 primi
222 2180 274 2246 vel
289 2180 417 2246 secundi
438 2181 557 2268 gradus
574 2180 675 2246 lineae
689 2180 889 2263 collateralis,
904 2180 930 2245 si
951 2180 1216 2268 impedimentum
1230 2179 1348 2244 nedum

109 2307 150 2348 ex
180 2285 385 2350 matrimonio
414 2294 633 2350 consummato
670 2308 745 2350 cum
773 2284 925 2350 defuncto
953 2284 1088 2369 coniuge
1116 2283 1266 2350 Oratoris
1294 2282 1348 2350 vel

108 2386 275 2471 Oratricis,
290 2388 344 2454 sed
366 2390 462 2454 etiam
485 2412 525 2454 ex
547 2389 661 2476 copula
683 2387 984 2454 antematrimoniali
1005 2412 1060 2454 seu
1083 2386 1253 2453 fornicaria
1274 2409 1348 2451 cum

108 2491 219 2557 eodem
234 2491 385 2558 defuncto
399 2502 474 2558 ante
494 2493 611 2557 initum
631 2516 705 2557 cum
725 2493 795 2580 ipso
815 2493 1056 2558 matrimonium
1076 2501 1202 2579 patrata
1215 2492 1347 2573 oriatur,

107 2619 231 2661 necesse
254 2619 319 2661 non
342 2608 400 2680 est,
423 2604 461 2661 ut
483 2598 603 2662 mentio
627 2598 683 2662 fiat
707 2597 895 2662 huiusmodi
919 2596 1050 2662 illicitae
1072 2597 1215 2682 copulae,
1237 2618 1348 2681 quem-

108 2699 284 2765 admodum
305 2711 393 2787 patet
415 2700 455 2766 ex
477 2725 628 2788 responso
642 2701 676 2767 S.
693 2701 960 2766 Paenitentiariae
974 2700 1040 2766 diei
1062 2703 1105 2769 20
1120 2699 1234 2765 Martii
1252 2702 1347 2782 1842,

108 2805 265 2890 probante
293 2828 317 2871 s.
344 2829 387 2871 m.
414 2805 511 2892 Greg.
538 2805 646 2873 XVI.
672 2804 714 2870 ad
744 2804 942 2892 Episcopum
972 2806 1235 2887 Namuroensem,
1260 2802 1348 2891 quod

107 2909 254 2994 generale
267 2932 343 2992 esse,
359 2908 443 2973 idem
458 2908 602 2975 tribunal
617 2909 719 2974 literis
733 2909 798 2973 diei
815 2912 856 2974 10
871 2908 1057 2973 Decembris
1075 2910 1160 2974 1874
1175 2908 1286 2975 edixit.

152 3012 244 3077 Haec
266 3036 341 3100 prae
362 3013 463 3078 oculis
484 3012 599 3078 habere
619 3012 737 3077 debent
758 3036 824 3078 non
846 3012 943 3077 modo
962 3013 1019 3100 qui
1040 3012 1081 3077 ad
1104 3012 1137 3078 S.
1154 3011 1267 3077 Sedem
1288 3034 1348 3099 pro

108 3116 283 3182 obtinenda
295 3117 404 3203 aliqua
424 3117 653 3183 matrimoniali
671 3116 904 3203 dispensatione
918 3125 1094 3199 recurrunt,
1109 3115 1165 3181 sed
1180 3116 1274 3181 etiam
1290 3116 1348 3203 qui

109 3244 150 3285 ex
164 3221 328 3307 pontificia
341 3220 539 3307 delegatione
552 3220 735 3308 dispensare
748 3244 805 3308 per
818 3243 851 3284 se
866 3219 928 3306 ipsi
943 3219 1062 3302 valent,
1079 3229 1116 3284 ut
1134 3219 1348 3303 facultatibus,

108 3324 226 3411 quibus
241 3323 375 3412 pollent,
391 3325 461 3407 rite,
476 3332 514 3389 ut
528 3347 587 3410 par
600 3334 656 3407 est,
671 3334 815 3390 utantur.

154 3428 277 3493 Datum
292 3450 333 3492 ex
347 3428 493 3493 Aedibus
508 3427 541 3493 S.
558 3428 595 3493 C.
611 3427 651 3492 de
666 3428 764 3514 Prop.
781 3427 865 3492 Fide
879 3428 931 3493 die
947 3432 966 3493 9
983 3428 1065 3492 Maii
1084 3432 1180 3494 1877.

145 3701 391 3776 Responsum
418 3702 566 3775 Sanam
595 3701 755 3775 Orr1cr1
783 3722 836 3773 na
863 3699 1027 3774 Cornan
1054 3701 1311 3776 Incnsrnosn.

154 3867 333 3932 Infandum
362 3868 499 3932 incestus
528 3867 687 3954 flagitium
717 3867 870 3953 peculiari
899 3889 1022 3953 semper
1051 3867 1125 3932 odio
1154 3879 1261 3932 sancta
1286 3867 1349 3932 Dei

111 3970 254 4035 Ecclesia
268 3984 432 4059 prosecuta
446 3982 502 4053 est,
518 3981 550 4035 et
562 3971 688 4036 Summi
706 3970 844 4034 Romani
861 3970 1033 4035 Pontifices
1046 3980 1227 4036 statuerunt
1241 3971 1348 4059 utqui

110 4097 147 4139 eo
160 4098 195 4140 se
208 4075 366 4140 maculare
380 4097 446 4139 non
461 4075 669 4155 erubuissent,
681 4074 709 4138 si
723 4072 764 4138 ad
780 4073 1000 4159 Apostolicam
1016 4073 1130 4138 Sedem
1145 4068 1351 4162 confugerent

111 4177 264 4265 petendae
277 4202 373 4243 causa
385 4178 633 4266 dispensationis
652 4200 748 4263 super
764 4176 1002 4264 impedimentis
1016 4178 1257 4243 matrimonium
1271 4177 1351 4243 diri·
1458 4198 1462 4205 ·

111 4281 280 4365 mentibus,
295 4305 406 4347 eorum
428 4305 545 4369 preces,
565 4282 626 4345 nisi
651 4281 684 4344 in
705 4282 750 4345 eis
769 4280 809 4345 de
830 4280 970 4346 admisso
991 4281 1106 4346 seelere
1126 4284 1247 4348 mentio
1269 4282 1352 4347 faeta

110 4395 198 4469 esset,
215 4385 410 4473 obreptionis
430 4395 461 4450 et
480 4385 695 4472 subreptionis
710 4386 790 4450 vitio
807 4385 941 4450 infectae
955 4384 1155 4468 haberentur,
1169 4397 1266 4473 atque
1281 4386 1352 4452 ideo

144 4539 243 4604 *Quae
260 4539 310 4591 hoc
328 4541 384 4591 loco
400 4539 434 4591 de
450 4540 545 4605 copula
563 4539 652 4590 incest.
669 4538 800 4604 dicuntur,
819 4538 995 4589 recentissime
1013 4556 1028 4589 a
1046 4539 1071 4590 S.
1084 4539 1211 4591 Pontifice
1228 4539 1371 4605 abrogata

110 4629 179 4688 sunt,
191 4631 222 4673 ut
234 4631 308 4690 patet
319 4640 353 4674 ex
365 4624 473 4690 apacati
484 4622 621 4689 Responsa
631 4623 657 4672 S.
669 4623 701 4672 Ο.
