3142 5242
505 981 852 1088 TITULUS
900 981 1006 1086 VI.

273 1220 335 1323 De
373 1221 600 1325 Catholiea
640 1223 670 1325 J
672 1221 898 1324 uventutis
934 1221 1229 1328 Institutione.

576 1476 933 1484 ———-————--—-

607 1623 824 1697 CAPUT
861 1623 897 1695 Ι.

337 1805 401 1879 Du
426 1808 598 1882 Sonoms
625 1806 881 1898 Canuomms,
907 1828 1167 1880 nanasusmn

460 1936 465 1943 '
532 1961 585 2012 nu
620 1938 968 2014 Panocnmmnus

384 2126 449 2219 §L
497 2124 553 2199 De
579 2125 726 2198 Summo
752 2148 876 2198 eurum
901 2125 1117 2198 necessitate.

182 2289 265 2365 194.
302 2289 343 2364 si
368 2290 449 2364 ullo
474 2314 644 2389 unquam
670 2296 856 2387 tempore,
875 2295 978 2363 certo
1003 2288 1074 2362 hae
1092 2296 1226 2364 nostra
1243 2296 1368 2366 aetate

130 2404 304 2480 Ecclesia
321 2405 395 2480 Dei
418 2411 458 2480 et
483 2405 645 2503 spiritus
662 2404 805 2479 saeculi
829 2406 878 2480 de
900 2403 1128 2479 educatione
1148 2404 1367 2503 juventutis

131 2519 310 2597 mirando
324 2523 493 2620 quodam
513 2528 553 2597 et
569 2520 755 2596 acerrimo
769 2519 975 2595 conflixere
988 2520 1131 2596 duello.
1176 2520 1367 2597 Homines

128 2636 234 2712 enim
264 2638 407 2736 spiritu
437 2640 635 2713 mundano
665 2637 822 2736 penitus
851 2636 1006 2731 imbuti,
1035 2637 1120 2734 jam
1152 2637 1288 2712 multis
1318 2639 1367 2713 ab

128 2752 254 2846 annis,
282 2755 436 2829 nullum
464 2779 543 2829 non
573 2760 734 2829 movent
757 2753 942 2853 lapidem,
968 2760 1014 2828 ut
1043 2753 1238 2828 Ecclesiae
1263 2757 1367 2853 quod

128 2869 215 2967 ipsa
240 2897 264 2945 a
289 2869 444 2946 Christo
470 2869 617 2968 accepit
638 2869 796 2968 (Matth.
815 2891 970 2945 xxvm.
989 2871 1070 2964 19.;
1098 2870 1219 2945 Marc.
1237 2891 1278 2945 X.
1299 2871 1361 2967 14)

128 2984 368 3062 Catholieam
397 2986 646 3085 juventutem
677 2985 839 3062 docendi
870 3010 1014 3061 munus
1044 2986 1225 3084 eripiant,
1255 2993 1297 3063 et
1323 2986 1365 3063 in

127 3127 268 3179 manus
301 3102 495 3178 societatis
528 3101 656 3177 civilis
689 3104 849 3178 tradant
881 3102 944 3177 vel
980 3104 1150 3179 subdant
1186 3104 1365 3203 gubernii

127 3218 336 3294 saecularis
369 3217 564 3318 potestati.
626 3218 665 3293 N
667 3243 709 3294 ee
737 3217 883 3293 mirum
913 3219 998 3295 hoo.
1063 3219 1125 3294 Ex
1154 3244 1230 3318 quo
1260 3219 1364 3294 enim

129 3335 357 3435 nequissimi
390 3334 451 3410 illi
484 3334 646 3434 spiritus
685 3333 1010 3428 indifferentismi,
1045 3335 1293 3410 naturalismi
1325 3344 1364 3412 et

128 3451 398 3527 materialismi
422 3451 638 3527 multorum
663 3451 814 3526 animos
840 3450 897 3526 ita
920 3450 1160 3546 invaserunt,
1180 3457 1224 3528 ut
1246 3453 1364 3528 finem

128 3592 172 3642 ac
187 3566 413 3643 felicitatem
436 3566 607 3642 hominis
631 3592 710 3642 non
734 3567 811 3642 nisi
834 3566 876 3642 in
900 3568 972 3642 hac
991 3567 1073 3643 vita
1095 3567 1304 3666 temporali
1325 3579 1365 3643 et

128 3686 275 3759 mundo
292 3675 486 3759 materiali
504 3683 640 3783 quaeri
657 3690 697 3759 et
712 3682 882 3759 inveniri
897 3708 1013 3783 posse
1030 3684 1294 3778 somniantum
1319 3710 1364 3759 ea

128 3823 221 3875 sane
237 3799 476 3877 educationis
492 3799 605 3893 ratio,
623 3825 724 3900 quae
745 3799 945 3875 hominem
963 3799 1081 3876 etiam
1099 3826 1144 3876 ac
1159 3800 1365 3901 praecipue

128 3915 320 3992 advitam
344 3917 518 3992 futuram
548 3922 588 3992 et
615 3915 897 3992 beatitudinem
927 3923 1127 3992 aeternam
1153 3917 1301 4018 erigere
1325 3923 1365 3993 et

128 4030 296 4133 dirigere
311 4031 491 4127 intendit,
509 4032 599 4108 aliis
615 4033 775 4133 quidem
792 4033 914 4108 stulta
930 4039 971 4109 et
985 4032 1150 4127 inutilis,
1169 4033 1258 4108 aliis
1270 4058 1363 4109 vero

127 4148 191 4224 vel
228 4149 445 4249 perniciosa
477 4156 518 4226 et
551 4149 743 4226 abolenda
775 4174 859 4225 esse
892 4148 1073 4225 videatur
1107 4174 1261 4226 necesse
1293 4157 1362 4225 est.

128 4264 302 4343 Ecclesia
323 4274 466 4360 autem,
483 4265 594 4364 cujus
617 4266 712 4344 haec
734 4264 982 4367 potissimum
1006 4274 1066 4343 est
1088 4266 1222 4342 missio
1248 4289 1365 4364 super

127 4388 285 4477 terram,
303 4390 348 4459 ut
367 4383 542 4482 singulos
564 4382 753 4476 homines,
770 4382 813 4458 in
829 4383 1066 4482 baptismate
1082 4383 1237 4459 Christo
1252 4407 1362 4458 rena·

127 4504 200 4592 tos,
220 4497 305 4598 jam
323 4525 347 4575 a
364 4498 491 4599 primo
508 4499 672 4573 rationis
691 4523 766 4574 usu
781 4498 823 4574 in
841 4498 917 4574 viis
934 4498 1111 4575 veritatis
1129 4507 1169 4575 et
1187 4498 1365 4600 justitiae

261 4619 303 4683 14
1036 4682 1041 4690 ,
1191 4620 1233 4684 99

1108 5044 1150 5137 L·
1213 5112 1237 5133 ·.‚·
1253 5048 1384 5127 „303
