<?xml version="1.0" encoding="UTF-8"?>
<!DOCTYPE html PUBLIC "-//W3C//DTD XHTML 1.0 Transitional//EN"
    "http://www.w3.org/TR/xhtml1/DTD/xhtml1-transitional.dtd">
<html xmlns="http://www.w3.org/1999/xhtml" xml:lang="en" lang="en">
 <head>
  <title>
</title>
<meta http-equiv="Content-Type" content="text/html;charset=utf-8" />
  <meta name='ocr-system' content='tesseract 3.04.00' />
  <meta name='ocr-capabilities' content='ocr_page ocr_carea ocr_par ocr_line ocrx_word'/>
</head>
<body>
  <div class='ocr_page' id='page_1' title='image "./actaetdecretaco00gibbgoog_0112.png"; bbox 0 0 3142 5242; ppageno 0'>
   <div class='ocr_carea' id='block_1_1' title="bbox 297 449 1407 514">
    <p class='ocr_par' dir='ltr' id='par_1_1' title="bbox 297 449 1407 514">
     <span class='ocr_line' id='line_1_1' title="bbox 297 449 1407 514; baseline 0.001 -3"><span class='ocrx_word' id='word_1_1' title='bbox 297 465 515 512; x_wconf 75' lang='lat' dir='ltr'>nesrousn</span> <span class='ocrx_word' id='word_1_2' title='bbox 540 465 571 514; x_wconf 91' lang='lat' dir='ltr'>s.</span> <span class='ocrx_word' id='word_1_3' title='bbox 595 465 715 512; x_wconf 77' lang='lat' dir='ltr'>sams</span> <span class='ocrx_word' id='word_1_4' title='bbox 737 465 794 512; x_wconf 73' lang='lat' dir='ltr'>An</span> <span class='ocrx_word' id='word_1_5' title='bbox 819 465 1070 512; x_wconf 71' lang='lat' dir='ltr'>rosrnnarn</span> <span class='ocrx_word' id='word_1_6' title='bbox 1094 465 1286 512; x_wconf 72' lang='lat' dir='ltr'>Parnon.</span> <span class='ocrx_word' id='word_1_7' title='bbox 1343 449 1407 514; x_wconf 90' lang='lat' dir='ltr'>cvii</span> 
     </span>
    </p>
   </div>
   <div class='ocr_carea' id='block_1_2' title="bbox 173 620 1411 1437">
    <p class='ocr_par' dir='ltr' id='par_1_2' title="bbox 173 620 1411 896">
     <span class='ocr_line' id='line_1_2' title="bbox 227 620 1408 707; baseline 0 -20"><span class='ocrx_word' id='word_1_8' title='bbox 227 621 359 703; x_wconf 80' lang='lat' dir='ltr'>Quibus</span> <span class='ocrx_word' id='word_1_9' title='bbox 388 621 566 687; x_wconf 89' lang='lat' dir='ltr'>humilibus</span> <span class='ocrx_word' id='word_1_10' title='bbox 594 620 742 707; x_wconf 82' lang='lat' dir='ltr'><strong>precibus</strong></span> <span class='ocrx_word' id='word_1_11' title='bbox 772 632 809 687; x_wconf 89' lang='lat' dir='ltr'>ut</span> <span class='ocrx_word' id='word_1_12' title='bbox 838 621 1010 688; x_wconf 84' lang='lat' dir='ltr'>Beatitudo</span> <span class='ocrx_word' id='word_1_13' title='bbox 1046 623 1119 687; x_wconf 92' lang='lat' dir='ltr'>Tua</span> <span class='ocrx_word' id='word_1_14' title='bbox 1147 622 1228 687; x_wconf 89' lang='lat' dir='ltr'>velit</span> <span class='ocrx_word' id='word_1_15' title='bbox 1260 645 1408 705; x_wconf 85' lang='lat' dir='ltr'>annuere,</span> 
     </span>
     <span class='ocr_line' id='line_1_3' title="bbox 173 724 1411 813; baseline 0 -22"><span class='ocrx_word' id='word_1_16' title='bbox 173 726 359 813; x_wconf 80' lang='lat' dir='ltr'>obsequenti</span> <span class='ocrx_word' id='word_1_17' title='bbox 380 725 489 791; x_wconf 88' lang='lat' dir='ltr'>animo</span> <span class='ocrx_word' id='word_1_18' title='bbox 510 725 693 812; x_wconf 86' lang='lat' dir='ltr'>supplicant</span> <span class='ocrx_word' id='word_1_19' title='bbox 712 725 824 791; x_wconf 85' lang='lat' dir='ltr'>Patres</span> <span class='ocrx_word' id='word_1_20' title='bbox 845 726 982 792; x_wconf 86' lang='lat' dir='ltr'>Concilii</span> <span class='ocrx_word' id='word_1_21' title='bbox 1005 725 1148 791; x_wconf 87' lang='lat' dir='ltr'>Plenarii</span> <span class='ocrx_word' id='word_1_22' title='bbox 1170 724 1411 791; x_wconf 85' lang='lat' dir='ltr'>Baltimorensis</span> 
     </span>
     <span class='ocr_line' id='line_1_4' title="bbox 173 829 287 896; baseline 0.009 -1"><span class='ocrx_word' id='word_1_23' title='bbox 173 829 287 896; x_wconf 90' lang='lat' dir='ltr'>Tertii.</span> 
     </span>
    </p>

    <p class='ocr_par' dir='ltr' id='par_1_3' title="bbox 218 932 872 1018">
     <span class='ocr_line' id='line_1_5' title="bbox 218 932 872 1018; baseline 0.002 -19"><span class='ocrx_word' id='word_1_24' title='bbox 218 932 423 1016; x_wconf 87' lang='lat' dir='ltr'>Baltimorae,</span> <span class='ocrx_word' id='word_1_25' title='bbox 437 932 491 998; x_wconf 90' lang='lat' dir='ltr'>die</span> <span class='ocrx_word' id='word_1_26' title='bbox 505 936 548 999; x_wconf 84' lang='lat'>23</span> <span class='ocrx_word' id='word_1_27' title='bbox 563 934 759 1018; x_wconf 86' lang='lat' dir='ltr'>Decembris,</span> <span class='ocrx_word' id='word_1_28' title='bbox 776 938 872 1001; x_wconf 88' lang='lat'>1884.</span> 
     </span>
    </p>

    <p class='ocr_par' dir='ltr' id='par_1_4' title="bbox 524 1037 1367 1437">
     <span class='ocr_line' id='line_1_6' title="bbox 524 1037 852 1122; baseline 0.003 -20"><span class='ocrx_word' id='word_1_29' title='bbox 524 1037 740 1104; x_wconf 86' lang='lat' dir='ltr'>Beatitudinis</span> <span class='ocrx_word' id='word_1_30' title='bbox 754 1040 852 1122; x_wconf 87' lang='lat' dir='ltr'>Tuae,</span> 
     </span>
     <span class='ocr_line' id='line_1_7' title="bbox 656 1141 1004 1226; baseline 0 -18"><span class='ocrx_word' id='word_1_31' title='bbox 656 1141 776 1208; x_wconf 83' lang='lat' dir='ltr'>Servus</span> <span class='ocrx_word' id='word_1_32' title='bbox 791 1142 1004 1226; x_wconf 89' lang='lat' dir='ltr'>humillimus,</span> 
     </span>
     <span class='ocr_line' id='line_1_8' title="bbox 796 1246 1135 1330; baseline 0 -19"><span class='ocrx_word' id='word_1_33' title='bbox 796 1246 818 1312; x_wconf 88' lang='lat' dir='ltr'><strong>J</strong></span> <span class='ocrx_word' id='word_1_34' title='bbox 820 1264 954 1311; x_wconf 67' lang='lat' dir='ltr'>uocans</span> <span class='ocrx_word' id='word_1_35' title='bbox 968 1247 1135 1330; x_wconf 70' lang='lat' dir='ltr'>Granorm,</span> 
     </span>
     <span class='ocr_line' id='line_1_9' title="bbox 861 1350 1367 1437; baseline 0.006 -24"><span class='ocrx_word' id='word_1_36' title='bbox 861 1350 1007 1436; x_wconf 75' lang='lat' dir='ltr'>Arcbiqr.</span> <span class='ocrx_word' id='word_1_37' title='bbox 1023 1350 1120 1432; x_wconf 72' lang='lat' dir='ltr'>Bate,</span> <span class='ocrx_word' id='word_1_38' title='bbox 1137 1351 1242 1434; x_wconf 69' lang='lat' dir='ltr'>Deleq.</span> <span class='ocrx_word' id='word_1_39' title='bbox 1258 1352 1367 1437; x_wconf 70' lang='lat' dir='ltr'>spos.</span> 
     </span>
    </p>
   </div>
   <div class='ocr_carea' id='block_1_3' title="bbox 154 1547 1413 2049">
    <p class='ocr_par' dir='ltr' id='par_1_5' title="bbox 175 1547 1413 1943">
     <span class='ocr_line' id='line_1_10' title="bbox 220 1547 1411 1636; baseline 0.002 -23"><span class='ocrx_word' id='word_1_40' title='bbox 220 1548 346 1614; x_wconf 85' lang='lat' dir='ltr'>Pariter</span> <span class='ocrx_word' id='word_1_41' title='bbox 355 1547 574 1636; x_wconf 86' lang='lat' dir='ltr'>expostulavit</span> <span class='ocrx_word' id='word_1_42' title='bbox 583 1547 779 1636; x_wconf 88' lang='lat' dir='ltr'>Amplitudo</span> <span class='ocrx_word' id='word_1_43' title='bbox 789 1548 871 1631; x_wconf 86' lang='lat' dir='ltr'>Tua,</span> <span class='ocrx_word' id='word_1_44' title='bbox 882 1558 919 1613; x_wconf 92' lang='lat' dir='ltr'>ut</span> <span class='ocrx_word' id='word_1_45' title='bbox 934 1547 1116 1613; x_wconf 87' lang='lat' dir='ltr'>Declaratio</span> <span class='ocrx_word' id='word_1_46' title='bbox 1128 1547 1293 1613; x_wconf 84' lang='lat' dir='ltr'>Benedicti</span> <span class='ocrx_word' id='word_1_47' title='bbox 1303 1547 1411 1617; x_wconf 86' lang='lat' dir='ltr'><strong>XIV.</strong></span> 
     </span>
     <span class='ocr_line' id='line_1_11' title="bbox 175 1651 1412 1740; baseline 0 -24"><span class='ocrx_word' id='word_1_48' title='bbox 175 1675 235 1740; x_wconf 93' lang='lat' dir='ltr'>pro</span> <span class='ocrx_word' id='word_1_49' title='bbox 249 1651 430 1718; x_wconf 88' lang='lat' dir='ltr'>Hollandia</span> <span class='ocrx_word' id='word_1_50' title='bbox 449 1653 535 1717; x_wconf 85' lang='lat' dir='ltr'>edita</span> <span class='ocrx_word' id='word_1_51' title='bbox 551 1674 572 1717; x_wconf 87' lang='lat' dir='ltr'>a</span> <span class='ocrx_word' id='word_1_52' title='bbox 592 1655 689 1735; x_wconf 82' lang='lat'>1741,</span> <span class='ocrx_word' id='word_1_53' title='bbox 704 1651 746 1717; x_wconf 92' lang='lat' dir='ltr'>ad</span> <span class='ocrx_word' id='word_1_54' title='bbox 767 1674 804 1717; x_wconf 83' lang='lat' dir='ltr'>ea</span> <span class='ocrx_word' id='word_1_55' title='bbox 825 1651 896 1717; x_wconf 89' lang='lat' dir='ltr'>loca</span> <span class='ocrx_word' id='word_1_56' title='bbox 916 1651 1065 1716; x_wconf 79' lang='lat' dir='ltr'>statuum</span> <span class='ocrx_word' id='word_1_57' title='bbox 1080 1651 1341 1734; x_wconf 82' lang='lat' dir='ltr'>Foederatorum,</span> <span class='ocrx_word' id='word_1_58' title='bbox 1357 1651 1412 1716; x_wconf 89' lang='lat' dir='ltr'>ubi</span> 
     </span>
     <span class='ocr_line' id='line_1_12' title="bbox 175 1753 1413 1841; baseline -0.001 -21"><span class='ocrx_word' id='word_1_59' title='bbox 175 1755 335 1821; x_wconf 77' lang='lat' dir='ltr'>decremm</span> <span class='ocrx_word' id='word_1_60' title='bbox 350 1758 372 1791; x_wconf 88' lang='lat'><strong>“</strong></span> <span class='ocrx_word' id='word_1_61' title='bbox 378 1755 519 1821; x_wconf 90' lang='lat' dir='ltr'>Tametsi</span> <span class='ocrx_word' id='word_1_62' title='bbox 525 1755 546 1787; x_wconf 86' lang='lat'>&#39;’</span> <span class='ocrx_word' id='word_1_63' title='bbox 561 1755 701 1822; x_wconf 83' lang='lat' dir='ltr'>Concilii</span> <span class='ocrx_word' id='word_1_64' title='bbox 716 1755 900 1820; x_wconf 86' lang='lat' dir='ltr'>Tridentini</span> <span class='ocrx_word' id='word_1_65' title='bbox 914 1755 1013 1840; x_wconf 88' lang='lat' dir='ltr'>viget,</span> <span class='ocrx_word' id='word_1_66' title='bbox 1024 1763 1056 1819; x_wconf 92' lang='lat' dir='ltr'>et</span> <span class='ocrx_word' id='word_1_67' title='bbox 1070 1753 1110 1819; x_wconf 92' lang='lat' dir='ltr'>de</span> <span class='ocrx_word' id='word_1_68' title='bbox 1124 1753 1242 1841; x_wconf 89' lang='lat' dir='ltr'>quibus</span> <span class='ocrx_word' id='word_1_69' title='bbox 1257 1776 1323 1819; x_wconf 90' lang='lat' dir='ltr'>non</span> <span class='ocrx_word' id='word_1_70' title='bbox 1338 1777 1413 1819; x_wconf 89' lang='lat' dir='ltr'>eon·</span> 
     </span>
     <span class='ocr_line' id='line_1_13' title="bbox 175 1858 931 1943; baseline 0.001 -19"><span class='ocrx_word' id='word_1_71' title='bbox 175 1868 239 1924; x_wconf 85' lang='lat' dir='ltr'>stat</span> <span class='ocrx_word' id='word_1_72' title='bbox 252 1859 384 1924; x_wconf 85' lang='lat' dir='ltr'>eandem</span> <span class='ocrx_word' id='word_1_73' title='bbox 399 1858 497 1924; x_wconf 85' lang='lat' dir='ltr'>fuisse</span> <span class='ocrx_word' id='word_1_74' title='bbox 510 1868 684 1943; x_wconf 85' lang='lat' dir='ltr'>extensam,</span> <span class='ocrx_word' id='word_1_75' title='bbox 698 1858 931 1925; x_wconf 86' lang='lat' dir='ltr'>extenderetur.</span> 
     </span>
    </p>

    <p class='ocr_par' dir='ltr' id='par_1_6' title="bbox 154 1961 897 2049">
     <span class='ocr_line' id='line_1_14' title="bbox 154 1961 897 2049; baseline -0.003 -20"><span class='ocrx_word' id='word_1_76' title='bbox 154 2042 155 2048; x_wconf 7' lang='grc' dir='ltr'>ἵ</span> <span class='ocrx_word' id='word_1_77' title='bbox 219 1962 420 2049; x_wconf 85' lang='lat' dir='ltr'>Supplicatio</span> <span class='ocrx_word' id='word_1_78' title='bbox 433 1964 477 2029; x_wconf 81' lang='lat' dir='ltr'>A.</span> <span class='ocrx_word' id='word_1_79' title='bbox 493 1963 534 2029; x_wconf 90' lang='lat' dir='ltr'>T.</span> <span class='ocrx_word' id='word_1_80' title='bbox 549 1962 611 2029; x_wconf 91' lang='lat' dir='ltr'>hoc</span> <span class='ocrx_word' id='word_1_81' title='bbox 624 1961 721 2028; x_wconf 94' lang='lat' dir='ltr'>modo</span> <span class='ocrx_word' id='word_1_82' title='bbox 734 1985 768 2027; x_wconf 89' lang='lat' dir='ltr'>se</span> <span class='ocrx_word' id='word_1_83' title='bbox 782 1962 897 2028; x_wconf 82' lang='lat' dir='ltr'>habet:</span> 
     </span>
    </p>
   </div>
   <div class='ocr_carea' id='block_1_4' title="bbox 177 2138 496 2202">
    <p class='ocr_par' dir='ltr' id='par_1_7' title="bbox 177 2138 496 2202">
     <span class='ocr_line' id='line_1_15' title="bbox 177 2138 496 2202; baseline 0.003 -1"><span class='ocrx_word' id='word_1_84' title='bbox 177 2138 360 2202; x_wconf 60' lang='lat' dir='ltr'>Bealtkst&#39;me</span> <span class='ocrx_word' id='word_1_85' title='bbox 379 2138 496 2202; x_wconf 79' lang='lat' dir='ltr'>Pater:</span> 
     </span>
    </p>
   </div>
   <div class='ocr_carea' id='block_1_5' title="bbox 176 2290 1416 4661">
    <p class='ocr_par' dir='ltr' id='par_1_8' title="bbox 176 2290 1415 3000">
     <span class='ocr_line' id='line_1_16' title="bbox 220 2290 1413 2379; baseline -0.001 -22"><span class='ocrx_word' id='word_1_86' title='bbox 220 2291 463 2379; x_wconf 85' lang='lat' dir='ltr'>Archiepiscopi</span> <span class='ocrx_word' id='word_1_87' title='bbox 483 2300 514 2356; x_wconf 86' lang='lat' dir='ltr'>et</span> <span class='ocrx_word' id='word_1_88' title='bbox 534 2291 686 2379; x_wconf 75' lang='lat' dir='ltr'>Episcopi</span> <span class='ocrx_word' id='word_1_89' title='bbox 708 2291 808 2357; x_wconf 86' lang='lat' dir='ltr'>totius</span> <span class='ocrx_word' id='word_1_90' title='bbox 823 2293 990 2358; x_wconf 85' lang='lat' dir='ltr'>Americae</span> <span class='ocrx_word' id='word_1_91' title='bbox 1012 2292 1275 2379; x_wconf 85' lang='lat' dir='ltr'>Septentrionalis</span> <span class='ocrx_word' id='word_1_92' title='bbox 1291 2290 1413 2357; x_wconf 92' lang='lat' dir='ltr'>Foede-</span> 
     </span>
     <span class='ocr_line' id='line_1_17' title="bbox 177 2394 1415 2481; baseline -0.001 -21"><span class='ocrx_word' id='word_1_93' title='bbox 177 2404 272 2478; x_wconf 88' lang='lat' dir='ltr'>ratae,</span> <span class='ocrx_word' id='word_1_94' title='bbox 299 2395 332 2459; x_wconf 93' lang='lat' dir='ltr'>in</span> <span class='ocrx_word' id='word_1_95' title='bbox 362 2395 509 2461; x_wconf 84' lang='lat' dir='ltr'>Concilio</span> <span class='ocrx_word' id='word_1_96' title='bbox 538 2394 690 2460; x_wconf 86' lang='lat' dir='ltr'>Plenario</span> <span class='ocrx_word' id='word_1_97' title='bbox 718 2395 947 2460; x_wconf 89' lang='lat' dir='ltr'>Baltimorensi</span> <span class='ocrx_word' id='word_1_98' title='bbox 972 2396 1082 2461; x_wconf 91' lang='lat' dir='ltr'>Tertio</span> <span class='ocrx_word' id='word_1_99' title='bbox 1111 2396 1304 2481; x_wconf 80' lang='lat' dir='ltr'>congregati,</span> <span class='ocrx_word' id='word_1_100' title='bbox 1330 2396 1415 2460; x_wconf 77' lang='lat' dir='ltr'>inter</span> 
     </span>
     <span class='ocr_line' id='line_1_18' title="bbox 176 2498 1414 2586; baseline 0 -24"><span class='ocrx_word' id='word_1_101' title='bbox 176 2498 255 2564; x_wconf 85' lang='lat' dir='ltr'>alias</span> <span class='ocrx_word' id='word_1_102' title='bbox 268 2522 329 2582; x_wconf 82' lang='lat' dir='ltr'>res,</span> <span class='ocrx_word' id='word_1_103' title='bbox 339 2498 463 2564; x_wconf 85' lang='lat' dir='ltr'>collatis</span> <span class='ocrx_word' id='word_1_104' title='bbox 476 2498 628 2582; x_wconf 92' lang='lat' dir='ltr'>consiliis,</span> <span class='ocrx_word' id='word_1_105' title='bbox 643 2498 678 2564; x_wconf 92' lang='lat' dir='ltr'>id</span> <span class='ocrx_word' id='word_1_106' title='bbox 692 2500 788 2564; x_wconf 89' lang='lat' dir='ltr'>etiam</span> <span class='ocrx_word' id='word_1_107' title='bbox 803 2498 974 2585; x_wconf 85' lang='lat' dir='ltr'>diligenter</span> <span class='ocrx_word' id='word_1_108' title='bbox 987 2508 1130 2586; x_wconf 85' lang='lat' dir='ltr'>egerunt,</span> <span class='ocrx_word' id='word_1_109' title='bbox 1145 2508 1183 2563; x_wconf 89' lang='lat' dir='ltr'>ut</span> <span class='ocrx_word' id='word_1_110' title='bbox 1196 2499 1236 2564; x_wconf 91' lang='lat' dir='ltr'>ad</span> <span class='ocrx_word' id='word_1_111' title='bbox 1253 2499 1414 2586; x_wconf 92' lang='lat' dir='ltr'>liquidum</span> 
     </span>
     <span class='ocr_line' id='line_1_19' title="bbox 176 2601 1414 2689; baseline 0 -22"><span class='ocrx_word' id='word_1_112' title='bbox 176 2601 375 2685; x_wconf 81' lang='lat' dir='ltr'>deducerent,</span> <span class='ocrx_word' id='word_1_113' title='bbox 390 2602 507 2689; x_wconf 90' lang='lat' dir='ltr'>quibus</span> <span class='ocrx_word' id='word_1_114' title='bbox 523 2603 556 2667; x_wconf 92' lang='lat' dir='ltr'>in</span> <span class='ocrx_word' id='word_1_115' title='bbox 572 2601 649 2667; x_wconf 88' lang='lat' dir='ltr'>loeis</span> <span class='ocrx_word' id='word_1_116' title='bbox 662 2602 814 2668; x_wconf 78' lang='lat' dir='ltr'>Statuam</span> <span class='ocrx_word' id='word_1_117' title='bbox 830 2602 1080 2668; x_wconf 85' lang='lat' dir='ltr'>Foederatorum</span> <span class='ocrx_word' id='word_1_118' title='bbox 1094 2603 1262 2668; x_wconf 83' lang='lat' dir='ltr'>Amerieae</span> <span class='ocrx_word' id='word_1_119' title='bbox 1283 2601 1414 2689; x_wconf 85' lang='lat' dir='ltr'>Septen-</span> 
     </span>
     <span class='ocr_line' id='line_1_20' title="bbox 177 2700 1413 2772; baseline -0.001 -1"><span class='ocrx_word' id='word_1_120' title='bbox 177 2706 323 2772; x_wconf 89' lang='lat' dir='ltr'>trionalis</span> <span class='ocrx_word' id='word_1_121' title='bbox 336 2705 498 2771; x_wconf 91' lang='lat' dir='ltr'>decretum</span> <span class='ocrx_word' id='word_1_122' title='bbox 512 2705 741 2771; x_wconf 90' lang='lat' dir='ltr'>Tridentinum</span> <span class='ocrx_word' id='word_1_123' title='bbox 756 2706 927 2772; x_wconf 86' lang='lat' dir='ltr'>“Tametsi</span> <span class='ocrx_word' id='word_1_124' title='bbox 938 2706 958 2739; x_wconf 86' lang='lat'>&#39;&#39;</span> <span class='ocrx_word' id='word_1_125' title='bbox 974 2705 1015 2772; x_wconf 92' lang='lat' dir='ltr'>de</span> <span class='ocrx_word' id='word_1_126' title='bbox 1036 2706 1249 2771; x_wconf 85' lang='lat' dir='ltr'>matrimoniis</span> <span class='ocrx_word' id='word_1_127' title='bbox 1270 2700 1413 2772; x_wconf 87' lang='lat' dir='ltr'>clandes-</span> 
     </span>
     <span class='ocr_line' id='line_1_21' title="bbox 176 2809 1413 2898; baseline -0.001 -23"><span class='ocrx_word' id='word_1_128' title='bbox 176 2810 253 2875; x_wconf 89' lang='lat' dir='ltr'>tinis</span> <span class='ocrx_word' id='word_1_129' title='bbox 275 2809 371 2898; x_wconf 87' lang='lat' dir='ltr'>(Sess.</span> <span class='ocrx_word' id='word_1_130' title='bbox 394 2829 511 2893; x_wconf 68' lang='lat' dir='ltr'>xxm,</span> <span class='ocrx_word' id='word_1_131' title='bbox 533 2833 560 2876; x_wconf 93' lang='lat' dir='ltr'>c.</span> <span class='ocrx_word' id='word_1_132' title='bbox 586 2813 615 2876; x_wconf 95' lang='lat'>1.</span> <span class='ocrx_word' id='word_1_133' title='bbox 639 2810 679 2876; x_wconf 90' lang='lat' dir='ltr'>de</span> <span class='ocrx_word' id='word_1_134' title='bbox 700 2809 927 2898; x_wconf 72' lang='lat' dir='ltr'>Ref.)&#39;vigeat,</span> <span class='ocrx_word' id='word_1_135' title='bbox 950 2820 983 2876; x_wconf 88' lang='lat' dir='ltr'>et</span> <span class='ocrx_word' id='word_1_136' title='bbox 1008 2811 1042 2875; x_wconf 91' lang='lat' dir='ltr'>in</span> <span class='ocrx_word' id='word_1_137' title='bbox 1068 2811 1184 2896; x_wconf 88' lang='lat' dir='ltr'>quibus</span> <span class='ocrx_word' id='word_1_138' title='bbox 1209 2833 1274 2875; x_wconf 91' lang='lat' dir='ltr'>non</span> <span class='ocrx_word' id='word_1_139' title='bbox 1296 2810 1413 2896; x_wconf 84' lang='lat' dir='ltr'>vigeat.</span> 
     </span>
     <span class='ocr_line' id='line_1_22' title="bbox 177 2911 1129 3000; baseline 0.001 -22"><span class='ocrx_word' id='word_1_140' title='bbox 177 2911 226 2978; x_wconf 87' lang='lat' dir='ltr'>Re</span> <span class='ocrx_word' id='word_1_141' title='bbox 239 2913 380 2979; x_wconf 87' lang='lat' dir='ltr'>studiose</span> <span class='ocrx_word' id='word_1_142' title='bbox 395 2913 545 3000; x_wconf 86' lang='lat' dir='ltr'>indagata</span> <span class='ocrx_word' id='word_1_143' title='bbox 558 2913 598 2979; x_wconf 88' lang='lat' dir='ltr'>ad</span> <span class='ocrx_word' id='word_1_144' title='bbox 615 2915 698 2979; x_wconf 87' lang='lat' dir='ltr'>hanc</span> <span class='ocrx_word' id='word_1_145' title='bbox 711 2913 908 2979; x_wconf 88' lang='lat' dir='ltr'>devenerunt</span> <span class='ocrx_word' id='word_1_146' title='bbox 921 2915 1109 2979; x_wconf 87' lang='lat' dir='ltr'>sententiam</span> <span class='ocrx_word' id='word_1_147' title='bbox 1122 2941 1129 2979; x_wconf 76' lang='grc' dir='ltr'><strong><em>ε</em></strong></span> 
     </span>
    </p>

    <p class='ocr_par' dir='ltr' id='par_1_9' title="bbox 176 3016 1415 3726">
     <span class='ocr_line' id='line_1_23' title="bbox 220 3016 1414 3104; baseline 0 -22"><span class='ocrx_word' id='word_1_148' title='bbox 220 3016 392 3082; x_wconf 80' lang='lat' dir='ltr'>Decretum</span> <span class='ocrx_word' id='word_1_149' title='bbox 412 3017 583 3082; x_wconf 86' lang='lat' dir='ltr'>“Tametsi</span> <span class='ocrx_word' id='word_1_150' title='bbox 594 3016 614 3049; x_wconf 88' lang='lat'>&#39;&#39;</span> <span class='ocrx_word' id='word_1_151' title='bbox 635 3040 700 3082; x_wconf 91' lang='lat' dir='ltr'>non</span> <span class='ocrx_word' id='word_1_152' title='bbox 714 3017 805 3104; x_wconf 85' lang='lat' dir='ltr'>viget</span> <span class='ocrx_word' id='word_1_153' title='bbox 823 3017 1080 3104; x_wconf 87' lang='lat' dir='ltr'>insequentibus</span> <span class='ocrx_word' id='word_1_154' title='bbox 1096 3017 1276 3083; x_wconf 84' lang='lat' dir='ltr'>Provinciis</span> <span class='ocrx_word' id='word_1_155' title='bbox 1290 3017 1414 3084; x_wconf 90' lang='lat' dir='ltr'>ecclesi-</span> 
     </span>
     <span class='ocr_line' id='line_1_24' title="bbox 176 3120 1414 3207; baseline -0.001 -20"><span class='ocrx_word' id='word_1_156' title='bbox 176 3121 282 3187; x_wconf 84' lang='lat' dir='ltr'>asticis</span> <span class='ocrx_word' id='word_1_157' title='bbox 302 3121 432 3204; x_wconf 88' lang='lat' dir='ltr'>scilieet,</span> <span class='ocrx_word' id='word_1_158' title='bbox 453 3126 483 3186; x_wconf 94' lang='lat'>1.</span> <span class='ocrx_word' id='word_1_159' title='bbox 499 3121 748 3203; x_wconf 89' lang='lat' dir='ltr'>Baltimorensi;</span> <span class='ocrx_word' id='word_1_160' title='bbox 771 3124 801 3187; x_wconf 82' lang='lat'>2.</span> <span class='ocrx_word' id='word_1_161' title='bbox 825 3120 1101 3207; x_wconf 89' lang='lat' dir='ltr'>Philadelphiensi</span> <span class='ocrx_word' id='word_1_162' title='bbox 1112 3147 1121 3202; x_wconf 91' lang='lat'>;</span> <span class='ocrx_word' id='word_1_163' title='bbox 1148 3125 1179 3187; x_wconf 85' lang='lat'>3.</span> <span class='ocrx_word' id='word_1_164' title='bbox 1202 3122 1414 3187; x_wconf 87' lang='lat' dir='ltr'>Neo-Ebora-</span> 
     </span>
     <span class='ocr_line' id='line_1_25' title="bbox 176 3224 1413 3311; baseline 0.001 -20"><span class='ocrx_word' id='word_1_165' title='bbox 176 3227 261 3291; x_wconf 88' lang='lat' dir='ltr'>censi</span> <span class='ocrx_word' id='word_1_166' title='bbox 271 3252 281 3309; x_wconf 90' lang='lat'>;</span> <span class='ocrx_word' id='word_1_167' title='bbox 311 3229 344 3291; x_wconf 90' lang='grc'>4.</span> <span class='ocrx_word' id='word_1_168' title='bbox 370 3224 573 3290; x_wconf 88' lang='lat' dir='ltr'>Bostoniensi</span> <span class='ocrx_word' id='word_1_169' title='bbox 583 3250 593 3307; x_wconf 89' lang='lat'>;</span> <span class='ocrx_word' id='word_1_170' title='bbox 628 3229 658 3291; x_wconf 82' lang='lat'>5.</span> <span class='ocrx_word' id='word_1_171' title='bbox 684 3224 979 3311; x_wconf 85' lang='lat' dir='ltr'>Oregonopolitana</span> <span class='ocrx_word' id='word_1_172' title='bbox 989 3251 999 3307; x_wconf 89' lang='lat'>;</span> <span class='ocrx_word' id='word_1_173' title='bbox 1030 3229 1060 3291; x_wconf 91' lang='lat'>6.</span> <span class='ocrx_word' id='word_1_174' title='bbox 1089 3224 1332 3290; x_wconf 87' lang='lat' dir='ltr'>Milwaukiensi</span> <span class='ocrx_word' id='word_1_175' title='bbox 1342 3251 1352 3309; x_wconf 88' lang='lat'>;</span> <span class='ocrx_word' id='word_1_176' title='bbox 1383 3226 1413 3292; x_wconf 83' lang='lat'>7.</span> 
     </span>
     <span class='ocr_line' id='line_1_26' title="bbox 177 3328 1414 3415; baseline -0.002 -20"><span class='ocrx_word' id='word_1_177' title='bbox 177 3329 426 3412; x_wconf 86' lang='lat' dir='ltr'>Cincinnatensi,</span> <span class='ocrx_word' id='word_1_178' title='bbox 448 3337 579 3415; x_wconf 86' lang='lat' dir='ltr'>excepta</span> <span class='ocrx_word' id='word_1_179' title='bbox 599 3328 731 3393; x_wconf 88' lang='lat' dir='ltr'>dioecesi</span> <span class='ocrx_word' id='word_1_180' title='bbox 754 3329 1091 3415; x_wconf 83' lang='lat' dir='ltr'>Vincenuopolitana3</span> <span class='ocrx_word' id='word_1_181' title='bbox 1130 3333 1161 3396; x_wconf 89' lang='grc'>8.</span> <span class='ocrx_word' id='word_1_182' title='bbox 1185 3329 1220 3395; x_wconf 83' lang='lat' dir='ltr'>S.</span> <span class='ocrx_word' id='word_1_183' title='bbox 1243 3329 1414 3412; x_wconf 88' lang='lat' dir='ltr'>Ludovici,</span> 
     </span>
     <span class='ocr_line' id='line_1_27' title="bbox 177 3432 1414 3520; baseline -0.002 -21"><span class='ocrx_word' id='word_1_184' title='bbox 177 3435 317 3520; x_wconf 89' lang='lat' dir='ltr'>exceptis</span> <span class='ocrx_word' id='word_1_185' title='bbox 337 3433 407 3520; x_wconf 90' lang='lat' dir='ltr'>ipsa</span> <span class='ocrx_word' id='word_1_186' title='bbox 427 3433 557 3498; x_wconf 87' lang='lat' dir='ltr'>civitate</span> <span class='ocrx_word' id='word_1_187' title='bbox 578 3433 612 3498; x_wconf 88' lang='lat' dir='ltr'>S.</span> <span class='ocrx_word' id='word_1_188' title='bbox 628 3432 787 3497; x_wconf 88' lang='lat' dir='ltr'>Ludovici</span> <span class='ocrx_word' id='word_1_189' title='bbox 810 3441 842 3498; x_wconf 86' lang='lat' dir='ltr'>et</span> <span class='ocrx_word' id='word_1_190' title='bbox 862 3432 1056 3519; x_wconf 85' lang='lat' dir='ltr'>quibusdam</span> <span class='ocrx_word' id='word_1_191' title='bbox 1078 3433 1153 3498; x_wconf 88' lang='lat' dir='ltr'>aliis</span> <span class='ocrx_word' id='word_1_192' title='bbox 1175 3433 1253 3498; x_wconf 90' lang='lat' dir='ltr'>locis</span> <span class='ocrx_word' id='word_1_193' title='bbox 1274 3432 1414 3518; x_wconf 87' lang='lat' dir='ltr'>ejusdem</span> 
     </span>
     <span class='ocr_line' id='line_1_28' title="bbox 177 3535 1415 3623; baseline 0 -21"><span class='ocrx_word' id='word_1_194' title='bbox 177 3537 430 3602; x_wconf 81' lang='lat' dir='ltr'>Archidioeccsis</span> <span class='ocrx_word' id='word_1_195' title='bbox 449 3558 526 3600; x_wconf 91' lang='lat' dir='ltr'>mox</span> <span class='ocrx_word' id='word_1_196' title='bbox 545 3535 748 3600; x_wconf 87' lang='lat' dir='ltr'>nominandis</span> <span class='ocrx_word' id='word_1_197' title='bbox 758 3562 767 3618; x_wconf 79' lang='lat'><em>3</em></span> <span class='ocrx_word' id='word_1_198' title='bbox 791 3539 821 3602; x_wconf 91' lang='lat'>9.</span> <span class='ocrx_word' id='word_1_199' title='bbox 845 3535 1081 3622; x_wconf 85' lang='lat' dir='ltr'>Chicaginensi,</span> <span class='ocrx_word' id='word_1_200' title='bbox 1097 3536 1236 3623; x_wconf 76' lang='lat' dir='ltr'>exceptis</span> <span class='ocrx_word' id='word_1_201' title='bbox 1253 3535 1415 3623; x_wconf 87' lang='lat' dir='ltr'>aliquibus</span> 
     </span>
     <span class='ocr_line' id='line_1_29' title="bbox 178 3639 939 3726; baseline 0 -21"><span class='ocrx_word' id='word_1_202' title='bbox 178 3640 255 3707; x_wconf 87' lang='lat' dir='ltr'>loeis</span> <span class='ocrx_word' id='word_1_203' title='bbox 269 3640 420 3705; x_wconf 76' lang='lat' dir='ltr'>dioecesis</span> <span class='ocrx_word' id='word_1_204' title='bbox 434 3639 621 3704; x_wconf 84' lang='lat' dir='ltr'>Altoueusis</span> <span class='ocrx_word' id='word_1_205' title='bbox 635 3639 781 3726; x_wconf 89' lang='lat' dir='ltr'>proxime</span> <span class='ocrx_word' id='word_1_206' title='bbox 796 3640 939 3705; x_wconf 79' lang='lat' dir='ltr'>citandis</span> 
     </span>
    </p>

    <p class='ocr_par' dir='ltr' id='par_1_10' title="bbox 177 3742 1416 4661">
     <span class='ocr_line' id='line_1_30' title="bbox 221 3742 1415 3810; baseline -0.002 -1"><span class='ocrx_word' id='word_1_207' title='bbox 221 3743 265 3809; x_wconf 89' lang='lat' dir='ltr'>Iu</span> <span class='ocrx_word' id='word_1_208' title='bbox 287 3744 399 3808; x_wconf 85' lang='lat' dir='ltr'>ceteris</span> <span class='ocrx_word' id='word_1_209' title='bbox 412 3766 490 3809; x_wconf 88' lang='lat' dir='ltr'>vero</span> <span class='ocrx_word' id='word_1_210' title='bbox 513 3742 590 3808; x_wconf 91' lang='lat' dir='ltr'>locis</span> <span class='ocrx_word' id='word_1_211' title='bbox 611 3744 784 3808; x_wconf 91' lang='lat' dir='ltr'>eorundem</span> <span class='ocrx_word' id='word_1_212' title='bbox 806 3743 957 3809; x_wconf 84' lang='lat' dir='ltr'>Statunm</span> <span class='ocrx_word' id='word_1_213' title='bbox 981 3743 1232 3810; x_wconf 87' lang='lat' dir='ltr'>Foederatorum</span> <span class='ocrx_word' id='word_1_214' title='bbox 1254 3743 1415 3809; x_wconf 82' lang='lat' dir='ltr'>decretum</span> 
     </span>
     <span class='ocr_line' id='line_1_31' title="bbox 178 3845 1415 3934; baseline -0.001 -21"><span class='ocrx_word' id='word_1_215' title='bbox 178 3852 198 3884; x_wconf 86' lang='lat'>“</span> <span class='ocrx_word' id='word_1_216' title='bbox 208 3846 349 3913; x_wconf 88' lang='lat' dir='ltr'>Tametsi</span> <span class='ocrx_word' id='word_1_217' title='bbox 359 3845 379 3878; x_wconf 86' lang='lat'>&#39;’</span> <span class='ocrx_word' id='word_1_218' title='bbox 393 3848 503 3934; x_wconf 84' lang='lat' dir='ltr'>vigere</span> <span class='ocrx_word' id='word_1_219' title='bbox 522 3857 676 3930; x_wconf 90' lang='lat' dir='ltr'>censetur,</span> <span class='ocrx_word' id='word_1_220' title='bbox 691 3847 821 3930; x_wconf 85' lang='lat' dir='ltr'>scilicet,</span> <span class='ocrx_word' id='word_1_221' title='bbox 838 3851 868 3913; x_wconf 92' lang='lat'>1.</span> <span class='ocrx_word' id='word_1_222' title='bbox 885 3846 928 3911; x_wconf 93' lang='lat' dir='ltr'>In</span> <span class='ocrx_word' id='word_1_223' title='bbox 948 3857 1016 3912; x_wconf 84' lang='lat' dir='ltr'>tota</span> <span class='ocrx_word' id='word_1_224' title='bbox 1031 3848 1204 3913; x_wconf 88' lang='lat' dir='ltr'>Provincia</span> <span class='ocrx_word' id='word_1_225' title='bbox 1221 3848 1415 3913; x_wconf 86' lang='lat' dir='ltr'>Neo-Aure-</span> 
     </span>
     <span class='ocr_line' id='line_1_32' title="bbox 178 3951 1416 4038; baseline 0 -22"><span class='ocrx_word' id='word_1_226' title='bbox 178 3952 312 4017; x_wconf 86' lang='lat' dir='ltr'>lianensi</span> <span class='ocrx_word' id='word_1_227' title='bbox 324 3977 334 4034; x_wconf 90' lang='lat'>;</span> <span class='ocrx_word' id='word_1_228' title='bbox 357 3953 387 4016; x_wconf 81' lang='lat'>2.</span> <span class='ocrx_word' id='word_1_229' title='bbox 406 3951 441 4015; x_wconf 88' lang='lat' dir='ltr'>in</span> <span class='ocrx_word' id='word_1_230' title='bbox 454 3951 622 4037; x_wconf 91' lang='lat' dir='ltr'>provincia</span> <span class='ocrx_word' id='word_1_231' title='bbox 635 3951 669 4016; x_wconf 81' lang='lat' dir='ltr'>S.</span> <span class='ocrx_word' id='word_1_232' title='bbox 683 3951 846 4016; x_wconf 89' lang='lat' dir='ltr'>Francisci</span> <span class='ocrx_word' id='word_1_233' title='bbox 861 3974 935 4016; x_wconf 92' lang='lat' dir='ltr'>cum</span> <span class='ocrx_word' id='word_1_234' title='bbox 949 3951 1110 4016; x_wconf 84' lang='lat' dir='ltr'>territorio</span> <span class='ocrx_word' id='word_1_235' title='bbox 1121 3951 1223 4034; x_wconf 85' lang='lat' dir='ltr'>Utah,</span> <span class='ocrx_word' id='word_1_236' title='bbox 1234 3962 1366 4038; x_wconf 85' lang='lat' dir='ltr'>excepta</span> <span class='ocrx_word' id='word_1_237' title='bbox 1379 3976 1416 4016; x_wconf 85' lang='lat' dir='ltr'>ea</span> 
     </span>
     <span class='ocr_line' id='line_1_33' title="bbox 177 4054 1414 4143; baseline 0 -22"><span class='ocrx_word' id='word_1_238' title='bbox 177 4065 269 4142; x_wconf 81' lang='lat' dir='ltr'>parte</span> <span class='ocrx_word' id='word_1_239' title='bbox 282 4057 307 4143; x_wconf 89' lang='lat' dir='ltr'>ej</span> <span class='ocrx_word' id='word_1_240' title='bbox 313 4055 423 4120; x_wconf 88' lang='lat' dir='ltr'>usdem</span> <span class='ocrx_word' id='word_1_241' title='bbox 437 4054 590 4120; x_wconf 90' lang='lat' dir='ltr'>territorii</span> <span class='ocrx_word' id='word_1_242' title='bbox 605 4078 687 4142; x_wconf 87' lang='lat' dir='ltr'>quae</span> <span class='ocrx_word' id='word_1_243' title='bbox 700 4056 785 4141; x_wconf 85' lang='lat' dir='ltr'>jacet</span> <span class='ocrx_word' id='word_1_244' title='bbox 798 4054 840 4120; x_wconf 91' lang='lat' dir='ltr'>ad</span> <span class='ocrx_word' id='word_1_245' title='bbox 855 4056 1009 4120; x_wconf 90' lang='lat' dir='ltr'>orientem</span> <span class='ocrx_word' id='word_1_246' title='bbox 1023 4054 1167 4119; x_wconf 88' lang='lat' dir='ltr'>fluminis</span> <span class='ocrx_word' id='word_1_247' title='bbox 1182 4055 1360 4138; x_wconf 82' lang='lat' dir='ltr'>Colorad03</span> <span class='ocrx_word' id='word_1_248' title='bbox 1383 4059 1414 4121; x_wconf 84' lang='lat'>3.</span> 
     </span>
     <span class='ocr_line' id='line_1_34' title="bbox 178 4157 1415 4246; baseline 0.002 -24"><span class='ocrx_word' id='word_1_249' title='bbox 178 4159 212 4223; x_wconf 92' lang='lat' dir='ltr'>in</span> <span class='ocrx_word' id='word_1_250' title='bbox 226 4159 395 4246; x_wconf 89' lang='lat' dir='ltr'>provincia</span> <span class='ocrx_word' id='word_1_251' title='bbox 408 4158 441 4224; x_wconf 84' lang='lat' dir='ltr'>S.</span> <span class='ocrx_word' id='word_1_252' title='bbox 455 4158 559 4240; x_wconf 90' lang='lat' dir='ltr'>Fidei,</span> <span class='ocrx_word' id='word_1_253' title='bbox 570 4168 702 4245; x_wconf 87' lang='lat' dir='ltr'>excepta</span> <span class='ocrx_word' id='word_1_254' title='bbox 715 4168 805 4245; x_wconf 85' lang='lat' dir='ltr'>parte</span> <span class='ocrx_word' id='word_1_255' title='bbox 818 4157 1059 4245; x_wconf 88' lang='lat' dir='ltr'>septentrionali</span> <span class='ocrx_word' id='word_1_256' title='bbox 1073 4159 1225 4223; x_wconf 88' lang='lat' dir='ltr'>territorii</span> <span class='ocrx_word' id='word_1_257' title='bbox 1240 4158 1415 4241; x_wconf 83' lang='lat' dir='ltr'>Colorad03</span> 
     </span>
     <span class='ocr_line' id='line_1_35' title="bbox 179 4261 1415 4348; baseline -0.001 -20"><span class='ocrx_word' id='word_1_258' title='bbox 179 4267 210 4329; x_wconf 82' lang='lat'>4.</span> <span class='ocrx_word' id='word_1_259' title='bbox 233 4264 269 4328; x_wconf 91' lang='lat' dir='ltr'>iu</span> <span class='ocrx_word' id='word_1_260' title='bbox 287 4262 423 4328; x_wconf 79' lang='lat' dir='ltr'>dioecesi</span> <span class='ocrx_word' id='word_1_261' title='bbox 437 4262 755 4348; x_wconf 84' lang='lat' dir='ltr'>Vinoeunopolitana</span> <span class='ocrx_word' id='word_1_262' title='bbox 765 4288 775 4344; x_wconf 89' lang='lat'>;</span> <span class='ocrx_word' id='word_1_263' title='bbox 798 4265 828 4328; x_wconf 80' lang='grc' dir='ltr'>ὁ.</span> <span class='ocrx_word' id='word_1_264' title='bbox 851 4263 887 4328; x_wconf 91' lang='lat' dir='ltr'>in</span> <span class='ocrx_word' id='word_1_265' title='bbox 906 4263 1037 4327; x_wconf 84' lang='lat' dir='ltr'>civitatc</span> <span class='ocrx_word' id='word_1_266' title='bbox 1056 4261 1089 4326; x_wconf 83' lang='lat' dir='ltr'>S.</span> <span class='ocrx_word' id='word_1_267' title='bbox 1106 4261 1277 4346; x_wconf 87' lang='lat' dir='ltr'>Ludovici,</span> <span class='ocrx_word' id='word_1_268' title='bbox 1292 4286 1415 4328; x_wconf 85' lang='lat' dir='ltr'>necnon</span> 
     </span>
     <span class='ocr_line' id='line_1_36' title="bbox 179 4364 1416 4448; baseline 0.001 -18"><span class='ocrx_word' id='word_1_269' title='bbox 179 4366 213 4431; x_wconf 92' lang='lat' dir='ltr'>in</span> <span class='ocrx_word' id='word_1_270' title='bbox 233 4366 312 4433; x_wconf 87' lang='lat' dir='ltr'>locis</span> <span class='ocrx_word' id='word_1_271' title='bbox 324 4366 419 4432; x_wconf 78' lang='lat' dir='ltr'>dietis</span> <span class='ocrx_word' id='word_1_272' title='bbox 437 4365 471 4432; x_wconf 86' lang='lat' dir='ltr'>S.</span> <span class='ocrx_word' id='word_1_273' title='bbox 487 4364 681 4448; x_wconf 86' lang='lat' dir='ltr'>Genovefae,</span> <span class='ocrx_word' id='word_1_274' title='bbox 697 4365 730 4432; x_wconf 83' lang='lat' dir='ltr'>S.</span> <span class='ocrx_word' id='word_1_275' title='bbox 747 4365 946 4431; x_wconf 80' lang='lat' dir='ltr'>Fenlinandi</span> <span class='ocrx_word' id='word_1_276' title='bbox 961 4374 993 4431; x_wconf 85' lang='lat' dir='ltr'>et</span> <span class='ocrx_word' id='word_1_277' title='bbox 1009 4366 1042 4432; x_wconf 82' lang='lat' dir='ltr'>S.</span> <span class='ocrx_word' id='word_1_278' title='bbox 1059 4365 1177 4448; x_wconf 87' lang='lat' dir='ltr'>Caroli,</span> <span class='ocrx_word' id='word_1_279' title='bbox 1193 4365 1416 4431; x_wconf 86' lang='lat' dir='ltr'>Archidioece·</span> 
     </span>
     <span class='ocr_line' id='line_1_37' title="bbox 179 4468 1415 4552; baseline -0.001 -17"><span class='ocrx_word' id='word_1_280' title='bbox 179 4471 222 4536; x_wconf 86' lang='lat' dir='ltr'>sis</span> <span class='ocrx_word' id='word_1_281' title='bbox 249 4471 283 4536; x_wconf 82' lang='lat' dir='ltr'>S.</span> <span class='ocrx_word' id='word_1_282' title='bbox 308 4470 468 4537; x_wconf 92' lang='lat' dir='ltr'>Ludovici</span> <span class='ocrx_word' id='word_1_283' title='bbox 478 4495 488 4552; x_wconf 83' lang='lat'>3</span> <span class='ocrx_word' id='word_1_284' title='bbox 522 4472 553 4536; x_wconf 89' lang='lat'>6.</span> <span class='ocrx_word' id='word_1_285' title='bbox 587 4469 622 4534; x_wconf 92' lang='lat' dir='ltr'>in</span> <span class='ocrx_word' id='word_1_286' title='bbox 653 4469 730 4534; x_wconf 87' lang='lat' dir='ltr'>locis</span> <span class='ocrx_word' id='word_1_287' title='bbox 758 4468 853 4534; x_wconf 92' lang='lat' dir='ltr'>dictis</span> <span class='ocrx_word' id='word_1_288' title='bbox 882 4469 1079 4552; x_wconf 84' lang='lat' dir='ltr'>Kaskaskin‚</span> <span class='ocrx_word' id='word_1_289' title='bbox 1106 4468 1260 4552; x_wconf 85' lang='lat' dir='ltr'>Cahokia,</span> <span class='ocrx_word' id='word_1_290' title='bbox 1288 4469 1415 4534; x_wconf 89' lang='lat' dir='ltr'>Freuch</span> 
     </span>
     <span class='ocr_line' id='line_1_38' title="bbox 180 4572 1086 4661; baseline -0.006 -19"><span class='ocrx_word' id='word_1_291' title='bbox 180 4573 314 4661; x_wconf 82' lang='lat' dir='ltr'>Villnge</span> <span class='ocrx_word' id='word_1_292' title='bbox 327 4583 360 4639; x_wconf 85' lang='lat' dir='ltr'>et</span> <span class='ocrx_word' id='word_1_293' title='bbox 374 4572 499 4639; x_wconf 88' lang='lat' dir='ltr'>Prairie</span> <span class='ocrx_word' id='word_1_294' title='bbox 512 4573 557 4637; x_wconf 93' lang='lat' dir='ltr'>du</span> <span class='ocrx_word' id='word_1_295' title='bbox 573 4572 709 4657; x_wconf 88' lang='lat' dir='ltr'>Roeher,</span> <span class='ocrx_word' id='word_1_296' title='bbox 724 4574 874 4639; x_wconf 90' lang='lat' dir='ltr'>dioecesis</span> <span class='ocrx_word' id='word_1_297' title='bbox 887 4574 1086 4639; x_wconf 81' lang='lat' dir='ltr'>Altoncusis</span> 
     </span>
    </p>
   </div>
   <div class='ocr_carea' id='block_1_6' title="bbox 0 0 1583 5242">
    <p class='ocr_par' dir='ltr' id='par_1_11' title="bbox 0 0 1583 5242">
     <span class='ocr_line' id='line_1_39' title="bbox 0 0 1583 5242; baseline 0 0"><span class='ocrx_word' id='word_1_298' title='bbox 0 0 1583 5242; x_wconf 95' lang='lat' dir='ltr'> </span> 
     </span>
    </p>
   </div>
  </div>
 </body>
</html>
