3142 5242
221 418 261 482 58
454 433 638 480 rrrunus
667 432 849 480 111.-nn
877 431 1016 479 cunru
1045 430 1217 478 n1v1n0.

270 588 408 678 Quoad
423 589 575 689 reliqua
587 612 680 663 vero
697 588 764 663 ubi
782 613 884 664 nunc
901 594 994 663 sunt
1010 588 1059 663 de
1075 593 1292 686 praecepto,
1308 586 1456 660 oranda

219 711 279 780 est
303 705 444 780 Sancta
469 706 598 799 Sedes,
616 713 661 781 ut
675 708 805 804 quoad
825 711 1075 804 praeceptum
1092 702 1253 779 missam
1269 700 1455 778 audiendi

220 827 261 897 et
289 846 314 897 a
340 821 538 898 laboribus
565 821 772 897 servilibus
798 819 1031 915 abstinendi,
1057 845 1135 896 non
1164 827 1297 896 tamen
1327 819 1456 919 quoad

220 939 466 1013 devotionem
491 946 532 1013 et
557 937 844 1014 solemnitatem
868 945 1081 1031 externam,
1103 936 1402 1036 supprimantur
1417 941 1457 1010 et

220 1054 433 1152 supradicti
460 1080 527 1130 sex
552 1055 635 1131 dies
659 1053 760 1149 festi,
777 1079 911 1130 omnes
940 1060 982 1130 et
1009 1052 1094 1148 soli,
1120 1079 1192 1153 per
1219 1077 1356 1127 omncs
1385 1051 1457 1126 has

220 1170 441 1270 provincias
458 1174 507 1247 de
523 1179 728 1271 praecepto
745 1169 927 1247 servandi
943 1196 1029 1247 esse
1044 1170 1315 1246 declarentur.1

272 1289 357 1362 112.
382 1289 497 1379 Quod
509 1313 601 1363 vero
615 1289 667 1364 ad
678 1286 830 1386 jejunia
842 1286 993 1381 attinet,
1008 1285 1202 1362 difficilius
1215 1286 1343 1361 adhuc
1355 1290 1459 1361 esset

220 1402 262 1479 in
280 1403 336 1479 eis
354 1404 661 1480 uniformitatem
679 1404 864 1480 obtinere.
912 1403 1016 1479 Aliis
1033 1403 1139 1481 enim
1155 1402 1197 1479 in
1214 1401 1310 1479 locis
1326 1403 1457 1477 obstat

219 1519 390 1595 climatis
416 1520 616 1619 asperitas,
633 1520 676 1596 in
694 1520 782 1596 aliis
799 1547 908 1597 escae
932 1520 1112 1596 esurialis
1128 1519 1280 1614 caritas,
1297 1518 1340 1595 in
1367 1517 1456 1594 aliis

221 1638 380 1712 demum
406 1636 551 1714 diversi
576 1636 793 1713 incolarum
818 1663 947 1713 mores
965 1644 1007 1712 et
1027 1636 1336 1712 consuetudines.
1388 1636 1455 1710 Sa·

220 1752 299 1828 tius
332 1752 420 1829 ideo
445 1753 601 1830 videtur
630 1761 676 1830 ut
706 1754 951 1853 relinquatur
978 1753 1137 1853 judiciis
1171 1752 1456 1853 Episcoporum

220 1895 266 1944 ea
283 1877 453 1945 statuere
469 1871 511 1945 in
528 1870 687 1970 synodis
705 1871 1007 1969 provincialibus
1024 1895 1123 1970 quae
1139 1868 1220 1944 suis
1244 1868 1457 1968 provinciis

220 1985 346 2084 magis
363 1985 404 2059 in
424 1986 592 2061 Domino
613 1987 877 2085 judicaverint
893 1986 1099 2084 expedire.²

661 2405 877 2480 CAPUT
912 2404 1016 2479 III.

443 2571 506 2645 Du
533 2571 825 2647 Ousnnvanria
851 2570 951 2645 Diui
979 2571 1230 2646 Douinicau.

271 2739 355 2812 113.
393 2737 507 2811 Diem
535 2736 679 2811 Divino
706 2737 827 2811 cultui
853 2746 892 2812 et
916 2736 1116 2835 religionis
1134 2737 1331 2811 communi
1350 2762 1454 2813 exer·

219 2852 310 2928 citio
328 2856 443 2928 modo
462 2852 619 2951 speciali
637 2861 676 2928 et
696 2852 879 2952 legatam
897 2854 1031 2928 stricta
1048 2879 1070 2928 a
1089 2852 1259 2927 Domino
1283 2878 1455 2928 reserva·

220 2976 313 3062 tam,
331 2970 477 3044 sincere
494 2969 672 3044 fidelibus
698 2970 980 3045 observandam
998 2970 1109 3045 enixe
1125 2972 1455 3045 commendamus.

220 3085 269 3160 In
284 3112 330 3160 ea
343 3087 392 3160 ab
405 3086 587 3184 operibus
605 3086 812 3161 servilibus
830 3111 907 3160 non
922 3085 1147 3161 necessariis
1161 3086 1320 3160 omnino
1338 3085 1455 3160 obsti·

221 3211 349 3294 noant,
365 3202 525 3276 missam
543 3210 790 3301 praeceptam
807 3203 943 3278 audire
960 3202 1036 3278 nisi
1053 3203 1227 3301 gravide
1244 3219 1362 3278 causa
1379 3228 1456 3277 non

220 3318 414 3411 omittant,
429 3319 591 3417 aliisquo
604 3329 804 3418 praeterea
817 3319 1034 3396 devotionis
1047 3327 1088 3394 et
1099 3319 1257 3417 pietatis
1274 3318 1456 3418 operibus

220 3436 324 3510 diem
351 3435 586 3510 dominicam
603 3461 694 3510 vere
719 3436 967 3528 sanctificent,
984 3435 1137 3534 corpori
1162 3436 1455 3511 convenientem

219 3553 448 3651 praebentes
461 3552 641 3651 quietem,
656 3552 829 3627 animam
843 3553 986 3651 pabulo
999 3552 1185 3627 orationis
1203 3559 1241 3627 et
1259 3552 1456 3628 doctrinae

220 3669 447 3760 nutrientes,
474 3693 562 3743 cum
589 3668 726 3742 vicinis
762 3675 802 3743 et
835 3668 969 3744 amicis
1001 3668 1223 3744 libertatem
1253 3676 1455 3768 carpentes

219 3785 388 3860 filiorum
416 3784 500 3860 Dei.
552 3786 629 3859 Ast
654 3811 775 3884 quum
801 3784 888 3883 ipsa
904 3785 982 3861 diei
998 3785 1152 3886 requies
1168 3786 1302 3885 plures
1325 3812 1453 3885 pecca·

219 3910 348 3977 torum
368 3902 583 3976 occasiones
609 3902 716 3976 haud
731 3927 819 3976 raro
837 3905 984 3994 offerat,
1002 3902 1210 4002 diligenter
1226 3909 1391 3978 caveant
1407 3928 1455 3978 ne

220 4018 346 4092 Deum
362 4020 590 4093 offendendo
608 4019 818 4093 abutantur
835 4021 936 4094 dono
953 4019 1119 4109 coelesti,
1134 4046 1178 4095 ac
1193 4018 1250 4094 ita
1268 4019 1455 4095 Divinam

220 4142 430 4231 provocent
443 4135 764 4228 maledictionem,
780 4161 824 4210 ac
837 4135 1007 4210 maxima
1023 4135 1065 4210 in
1082 4161 1124 4211 se
1140 4135 1323 4234 ingerant
1339 4139 1452 4213 mala.

221 4250 327 4324 Dum
354 4251 470 4343 enim,
490 4257 533 4325 ut
550 4251 679 4326 verbis
706 4261 862 4326 utamur
884 4252 1048 4327 Petrum
1067 4253 1228 4327 Concilii
1247 4255 1453 4352 Burdigal-

220 4366 323 4440 ensis
351 4367 380 4440 Ι.
415 4367 503 4464 (Tit.
533 4389 589 4459 11,
617 4392 645 4442 c.
675 4391 731 4461 11,
760 4394 796 4442 n.
825 4373 886 4465 ll:
926 4369 1032 4443 “sibi
1059 4369 1188 4443 debito
1216 4369 1323 4444 Deus
1349 4371 1455 4445 cultu

256 4516 261 4547 ¹
273 4515 342 4567 Vide
355 4517 517 4583 Responsum
529 4517 562 4568 ‹le
575 4517 665 4582 Fastis,
678 4538 760 4585 sipara,
773 4537 797 4585 p.
810 4537 849 4570 cv.

254 4597 331 4649 'Hac
342 4617 420 4666 snper
432 4617 460 4650 re
472 4600 687 4665 Congregationis
699 4619 849 4668 responsum
862 4611 1025 4669 expectatur.
