3142 5242
366 484 423 532 os
452 485 746 533 oonn1ss1onn
775 483 1180 532 rnvnsrroamonrs.
1324 470 1402 584 293,

148 642 251 708 causis
264 641 306 707 ab
316 642 532 708 ecelesiasticis
546 642 643 707 curiis
657 641 848 707 dioecesium
859 639 1109 706 Foederatorum
1124 639 1386 727 Septentrionalis

148 747 316 811 Amerime
337 745 486 811 Statuum
507 745 737 832 pertractandis
758 743 946 811 servandam
968 766 1034 808 esse
1054 742 1238 828 decreverit,
1260 746 1386 832 experi-

148 850 234 915 entia
257 858 363 914 tamen
387 859 586 936 compertum
610 858 667 932 est,
690 858 847 914 statutum
870 847 981 913 iudicii
1004 847 1151 912 ordinem
1174 847 1263 915 haud
1285 848 1386 915 unde-

147 976 274 1040 quaque
301 976 411 1041 parem
436 976 503 1018 esse
526 953 569 1019 ad
594 953 738 1040 querelas
766 975 878 1018 eorum
907 950 1148 1038 praecavendas,
1174 974 1255 1039 quos
1284 975 1385 1039 poena

146 1056 257 1144 aliqua
277 1057 426 1123 mulctari
448 1057 626 1144 contigerit.
670 1056 771 1143 Saepe
784 1057 871 1122 euim
892 1056 1060 1142 postremis
1080 1054 1166 1120 hisce
1186 1057 1385 1142 temporibus

145 1160 271 1244 accidit,
297 1169 335 1225 ut
363 1161 541 1248 presbyteri
570 1160 698 1226 iudiciis
722 1183 760 1226 ea
786 1161 910 1225 ratione
938 1159 1029 1225 initis
1057 1159 1192 1246 latisque
1220 1162 1384 1227 sententiis

145 1262 300 1347 damnati,
314 1266 430 1331 remoti
451 1266 636 1352 praesertim
656 1265 699 1330 ab
720 1262 824 1330 officio
846 1265 976 1330 rectoris
997 1264 1199 1347 missionarii,
1221 1264 1285 1330 hue
1305 1265 1385 1331 illuc

144 1366 187 1433 de
207 1370 274 1433 suis
289 1369 447 1435 Praelatis
466 1369 632 1457 conquesti
653 1368 774 1434 fuerint
794 1378 827 1434 et
848 1367 1029 1455 frequenter
1046 1368 1141 1433 etiam
1163 1367 1205 1433 ad
1219 1368 1383 1455 Apostoli-

144 1494 215 1537 eam
244 1471 358 1537 Sedcm
383 1495 529 1538 recursus
552 1470 737 1539 detulerint.
783 1471 969 1538 Doleudum
997 1482 1104 1537 autem
1133 1481 1191 1555 est,
1216 1495 1283 1538 non
1311 1495 1383 1539 raro

144 1576 337 1660 evenirent
354 1577 390 1642 in
410 1577 605 1643 transmissis
623 1577 702 1642 actis
721 1575 827 1663 plura,
841 1599 942 1663 eaque
960 1576 1133 1641 necessaria
1153 1575 1382 1662 desiderentur,

143 1688 240 1767 atque
263 1680 427 1768 perpensis
452 1680 601 1746 omnibus
629 1680 744 1768 gravia
771 1703 865 1766 saepe
887 1679 988 1746 dubia
1013 1681 1158 1745 oriantur
1180 1681 1262 1745 circa
1286 1681 1381 1746 fidem

143 1783 342 1850 documentis
356 1784 443 1849 hisee
457 1785 491 1848 in
506 1783 609 1850 causis
622 1784 731 1849 allatis
744 1783 923 1849 habendam
937 1782 991 1850 vel
1006 1782 1235 1871 denegandam.

187 1889 283 1969 Quae
306 1889 416 1953 omnia
440 1888 474 1954 S.
502 1888 716 1975 Cougregatio
741 1887 817 1953 fidei
844 1887 1068 1974 propagandae
1096 1888 1275 1973 praeposita
1299 1889 1381 1955 serio

142 1993 351 2078 perpendem,
372 1991 505 2078 aliquod
527 1992 704 2057 remedium
729 1991 815 2057 hisce
836 1990 1046 2056 incommodis
1066 1991 1256 2078 parandum,
1278 2016 1316 2058 ac
1336 1994 1382 2059 ita

143 2095 282 2161 iustitiae
309 2095 542 2161 consulendum
570 2118 637 2160 esse
664 2096 798 2179 censuit,
813 2102 862 2159 nt
890 2117 992 2182 neque
1020 2094 1161 2160 insontes
1189 2095 1294 2160 clerici
1323 2120 1381 2184 per

142 2198 295 2264 iniuriam
323 2222 427 2286 poena
453 2199 644 2283 afficiantur,
670 2222 773 2287 neque
800 2199 936 2264 alicuius
963 2199 1108 2264 criminis
1132 2198 1179 2263 rei
1204 2199 1247 2264 ob
1272 2201 1380 2267 minus

141 2312 258 2368 rectam
288 2303 482 2370 iudiciorum
511 2303 650 2370 formam
674 2327 696 2369 a
720 2304 894 2390 promerita
917 2326 1021 2390 poena
1048 2304 1205 2368 immunes
1229 2305 1378 2372 evadant.

141 2407 241 2486 Quod
254 2407 387 2494 quidem
405 2406 494 2472 facili
513 2416 606 2494 pacto
620 2407 787 2490 obtineret,
801 2407 830 2472 si
844 2429 953 2472 omnes
967 2407 1227 2493 praescriptiones
1246 2431 1266 2473 a
1284 2409 1380 2474 sacris

140 2511 316 2576 canonibus
329 2511 488 2597 sapienter
501 2512 602 2576 editas
616 2534 676 2597 pro
689 2511 904 2576 ecclesiasticis
920 2510 1057 2593 iudiciis,
1072 2511 1257 2597 praesertim
1270 2512 1378 2577 crimi-

140 2614 280 2699 nalibus,
294 2614 443 2680 ineundis
462 2625 496 2706 et
515 2613 720 2680 absolvendis
741 2615 913 2680 servandas
934 2615 1067 2680 omnino
1087 2637 1154 2680 esse
1176 2617 1377 2702 praeciperet.

140 2717 268 2786 Verum
285 2720 394 2784 animo
411 2727 571 2804 reputans,
586 2718 621 2782 in
644 2717 813 2804 praedictis
833 2716 1082 2807 Foederatorum
1097 2717 1261 2783 Ordinum
1275 2720 1378 2806 regio-

140 2821 235 2887 nibus
249 2821 284 2886 id
299 2822 392 2888 facile
405 2822 527 2887 servari
549 2844 614 2886 non
633 2843 734 2908 posse,
750 2843 785 2885 ea
802 2822 926 2886 ratione
939 2821 1177 2908 providendum
1191 2844 1257 2887 esse
1270 2821 1377 2908 duxit,

138 2933 177 2991 ut
200 2926 314 2991 saltem
339 2926 415 2991 illae
437 2925 478 2991 de
499 2925 640 2990 admisso
663 2925 796 2989 crimine
819 2934 963 2989 accurate
988 2935 1182 3011 peragantur
1205 2927 1378 3013 investiga-

138 3029 251 3113 tiones,
265 3052 347 3117 quae
368 3031 501 3095 omnino
522 3029 712 3094 necessariae
732 3028 968 3111 existimantur,
987 3036 1157 3115 antequam
1179 3028 1221 3094 ad
1242 3046 1383 3117 poenam'

138 3134 342 3221 irrogandam
357 3133 554 3199 deveniatur.

183 3236 299 3324 Itaque
327 3237 438 3304 SSmo.
465 3236 609 3302 Domino
639 3237 760 3302 Nostro
785 3236 908 3302 Divina
933 3236 1144 3302 Providentia
1173 3238 1242 3305 ΡΡ.
1270 3240 1377 3306 Leone

139 3340 251 3407 XIII.
266 3341 472 3427 approbante,
487 3341 522 3406 in
545 3341 746 3427 generalibus
765 3341 902 3406 comitiis
924 3340 1043 3406 habitis
1057 3342 1109 3406 die
1125 3344 1167 3407 25
1183 3341 1274 3407 Iunii
1291 3346 1374 3410 1878

139 3444 173 3512 S.
198 3445 319 3532 Congr.
349 3445 500 3528 decrevit,
529 3468 567 3509 ac
595 3444 738 3510 districte
766 3445 942 3526 mandavit,
972 3454 1010 3508 ut
1037 3445 1157 3530 singuli
1185 3457 1377 3528 memoratae

138 3549 277 3636 regionis
305 3571 466 3614 sacrorum
495 3548 677 3631 Antistites,
708 3549 743 3612 in
771 3548 953 3614 dioecesana
985 3547 1108 3634 synodo
1136 3551 1375 3636 quamprimum

137 3651 341 3720 convocanda
354 3653 507 3740 quinque,
522 3661 579 3716 aut
593 3652 648 3716 ubi
664 3651 706 3716 ob
720 3651 893 3738 peculiaria
906 3674 1014 3715 rerum
1027 3651 1178 3717 adiuncta
1196 3662 1242 3718 tot
1266 3654 1374 3720 haberi

138 3765 306 3844 nequeant,
321 3764 385 3822 tres
406 3756 518 3822 saltem
540 3755 740 3842 presbyteros
760 3778 801 3819 ex
823 3755 1054 3841 probatissimis
1075 3764 1108 3820 ct
1128 3766 1283 3842 quantum
1305 3758 1374 3823 ficri

137 3861 254 3946 poterit
274 3862 308 3924 in
332 3861 401 3925 iure
421 3859 572 3925 canonico
592 3858 704 3945 peritis
725 3858 871 3943 seligant,
886 3859 1004 3944 quibus
1024 3859 1192 3924 consilium
1211 3861 1373 3947 quoddam

136 3964 294 4047 iudiciale,
314 3987 379 4047 seu,
399 3973 438 4028 ut
458 3963 632 4050 appellant,
653 3960 845 4027 Commissio
866 3961 1132 4049 Investigationis
1152 3965 1373 4050 constituatur,

136 4069 303 4154 eidemque
316 4091 418 4133 uuum
433 4091 475 4132 ex
490 4067 596 4132 electis
609 4067 804 4151 praeficiant.
849 4066 949 4145 Quod
968 4066 996 4130 si
1017 4067 1058 4131 ob
1077 4068 1221 4153 aliquam
1240 4093 1371 4155 gravem

135 4195 263 4237 mansam
283 4173 426 4257 synodus
447 4171 630 4236 dioecesana
650 4174 760 4239 statim
781 4169 891 4235 haberi
913 4180 1057 4256 nequeat,
1073 4171 1216 4257 quinque
1236 4171 1287 4238 vel
1310 4183 1374 4240 trcs

135 4277 243 4363 prouti
264 4298 363 4362 supra
383 4297 440 4361 per
455 4275 653 4361 Episcopum
675 4275 804 4339 interim
826 4273 1026 4339 ecclesiastici
1046 4274 1110 4339 viri
1132 4273 1173 4338 ad
1195 4298 1313 4342 munus
1334 4277 1374 4343 de

135 4402 201 4466 quo
217 4379 326 4464 agitur
340 4379 543 4466 deputentur.

180 4483 422 4548 Commissiouis
437 4482 480 4547 ita
492 4483 680 4547 constitutae
694 4483 841 4568 princeps
856 4482 916 4546 erit
931 4481 1070 4546 officium
1085 4483 1264 4549 criminales
1279 4496 1374 4572 atque

135 4585 354 4673 disciplinatas
367 4586 625 4673 presbyterorum
645 4586 845 4671 aliorumque
859 4585 1044 4649 clericorum
1060 4609 1178 4670 musas,
1194 4587 1284 4654 iuxta
1299 4613 1374 4656 nor·

1240 4826 1492 4904 Α
