3204 5242
462 512 518 557 nn
547 510 763 557 nnrrrsno
792 510 1154 557 nannnrrcoaunr.
1361 496 1422 559 247

233 670 264 734 3.
295 667 388 733 Idem
410 668 529 754 pariter
550 666 787 750 resolvendum,
801 666 830 731 si
852 675 996 753 parentes
1018 665 1188 731 habuerint
1209 666 1368 754 quidum
1390 669 1425 733 in

186 771 275 837 vivis
295 780 408 855 essent,
423 771 557 859 professi
578 771 644 836 sint
664 793 698 836 se
719 770 806 835 nolle
826 769 869 835 ad
891 769 991 835 ullam
1013 780 1130 835 sectam
1147 770 1315 856 pertinere,
1329 794 1424 858 seque

188 874 258 940 Ens
272 897 456 962 supremum
468 874 607 942 honestis
618 874 735 961 potius,
747 883 784 939 ut
798 875 899 957 aiunt,
912 873 1055 939 moribus
1065 895 1162 959 quam
1173 873 1303 960 speciali
1313 874 1423 961 aliquo

185 979 275 1043 cultu
290 978 456 1046 honorare.

229 1087 262 1150 4.
292 1083 328 1150 Si
349 1094 496 1171 parentes
518 1084 688 1150 habuerint
710 1084 905 1170 pertinentes
926 1082 968 1148 ad
989 1091 1106 1148 sectam
1127 1106 1210 1170 quae
1223 1082 1371 1150 eumdem
1387 1092 1423 1148 ut

185 1189 394 1254 necessarium
423 1187 528 1271 habet,
551 1187 604 1254 vel
633 1188 668 1252 in
697 1210 762 1274 qua
790 1187 902 1252 saltem
931 1186 1091 1252 ordinarie
1118 1187 1369 1283 aclminiptratur,
1391 1199 1424 1253 et

185 1291 283 1356 iidem
308 1301 454 1379 parentes
478 1292 511 1356 in
539 1302 624 1358 secta
647 1314 707 1357 sua
731 1290 826 1357 nelosi
849 1290 980 1373 suerint,
1003 1291 1252 1376 praesumendus
1274 1300 1323 1357 est
1344 1291 1423 1378 bap-

184 1395 402 1461 tismus—At
414 1395 494 1483 quid
511 1397 540 1461 si
553 1405 699 1483 parentes
720 1395 756 1460 in
777 1404 861 1461 secta
873 1393 1019 1460 socordes
1033 1395 1165 1478 fuerint,
1180 1395 1292 1460 autad
1307 1405 1422 1461 sectam

184 1499 406 1584 pertinuerint,
420 1523 503 1587 quae
524 1500 720 1587 baptismum
742 1499 873 1588 quidem
895 1521 961 1565 non
982 1499 1105 1584 respuit
1126 1498 1182 1564 sed
1196 1522 1270 1564 eum
1285 1522 1351 1565 non
1366 1499 1423 1564 ha-

184 1602 238 1667 bet
258 1612 296 1668 ut
316 1605 528 1668 neeessariam
549 1613 582 1669 et
603 1603 638 1668 in
659 1626 725 1691 qua
746 1602 906 1669 ordinarie
930 1625 996 1669 non
1024 1601 1295 1669 administratur?
1324 1626 1366 1667 an
1388 1603 1423 1667 in

183 1717 321 1794 utroque
333 1717 391 1773 aut
403 1707 559 1773 alterutro
573 1731 648 1773 casu
670 1706 918 1794 praesumendus
940 1707 1118 1793 baptismus
1132 1706 1187 1775 vel
1201 1683 1291 1773 nbn?

227 1815 258 1877 5.
289 1811 325 1877 Si
347 1812 439 1877 iuxta
460 1812 556 1877 unius
576 1820 704 1877 tantum
725 1811 865 1899 parentis
886 1820 1004 1876 sectam
1025 1821 1058 1877 et
1079 1811 1239 1876 animiut
1260 1835 1359 1899 supra
1372 1834 1422 1878 ze-

182 1914 283 1981 losam
306 1915 547 2001 dispositionem
567 1915 784 2003 praesumptio
806 1914 913 1981 faveat
934 1915 1104 2002 baptism0,
1127 1925 1159 1980 et
1179 1915 1214 1980 in
1237 1915 1422 1983 educatione

182 2019 283 2106 prolis
304 2020 345 2085 de
366 2019 451 2086 facto
472 2029 504 2085 et
526 2020 658 2085 indubie
679 2019 800 2106 primas
815 2019 963 2085 habuerit
977 2029 1093 2107 partae,
1109 2021 1360 2106 praesumendus
1374 2029 1423 2086 est

181 2123 510 2210 baptismus-Idem
521 2123 654 2206 resolve,
666 2125 694 2189 si
705 2122 788 2188 faeta
800 2123 1014 2210 inquisitione,
1026 2123 1191 2210 ignoretur
1201 2133 1258 2189 aut
1268 2147 1334 2191 non
1344 2125 1422 2190 satis

181 2236 304 2293 constet
317 2239 426 2293 utrum
448 2228 570 2315 primas
587 2227 735 2293 habuerit
748 2237 853 2314 partes
862 2254 873 2310 ;
894 2227 1072 2313 baptismus
1085 2227 1173 2293 enim
1195 2227 1229 2292 in
1251 2229 1364 2294 ordine
1379 2227 1421 2294 ad

182 2332 423 2397 matrimonium
438 2331 688 2418 praesumendus
698 2341 746 2397 est
760 2355 834 2397 oum
848 2331 1033 2420 coniugium
1048 2331 1144 2397 semel
1160 2330 1279 2396 initum
1293 2355 1421 2398 oensen-

181 2435 259 2500 dum
274 2436 318 2501 sit
332 2435 479 2501 validum
493 2435 650 2522 quamdiu
665 2436 747 2500 obex
761 2458 795 2500 se
808 2434 933 2522 prodat.
978 2435 1042 2501 Sed
1055 2433 1137 2523 quid
1151 2434 1179 2500 si
1194 2445 1279 2501 certo
1289 2446 1419 2520 constet,

182 2539 271 2605 illius
299 2540 356 2627 qui
378 2539 419 2605 de
439 2539 522 2605 facto
544 2548 577 2604 et
597 2539 731 2604 indubie
759 2539 879 2626 primas
901 2539 936 2603 in
958 2539 1144 2604 educatione
1174 2538 1287 2605 habuit
1315 2549 1420 2626 partos

180 2652 297 2708 sectam
319 2653 350 2709 et
371 2644 472 2709 animi
494 2643 736 2730 dispositionem
758 2666 822 2708 non
848 2642 957 2708 favere
986 2642 1155 2729 baptismo,
1178 2641 1257 2708 dum
1286 2643 1419 2709 alterius

180 2757 264 2812 seeta
277 2757 310 2813 et
323 2748 424 2814 animi
439 2748 606 2834 dispositio
620 2746 724 2813 eidem
739 2746 850 2813 favet?

225 2855 255 2918 6.
287 2851 372 2918 Casu
394 2875 459 2937 quo
481 2850 572 2915 nulla
593 2874 652 2937 pro
675 2851 833 2938 baptismo
851 2851 971 2915 militat
984 2851 1211 2938 praesumptiO,
1226 2851 1418 2939 applicanda

180 2966 228 3021 est
249 2955 379 3042 regular
409 2954 530 3021 facturn
553 2978 617 3021 non
640 2956 863 3043 praesumitur,
886 2953 942 3020 sed
970 2942 1173 3042 probiandum
1202 2966 1260 3022 est.
1305 2956 1418 3022 Huius

180 3060 308 3148 regulae
329 3059 502 3147 applicatio
525 3060 560 3124 in
582 3058 633 3124 his
656 3056 842 3125 Foederatis
870 3058 1013 3125 Statibus
1034 3058 1092 3123 ubi
1116 3059 1199 3125 inter
1227 3061 1418 3127 acatholicos

180 3163 313 3251 plurimi
334 3174 419 3247 sunt,
434 3164 492 3249 qui
514 3164 554 3229 de
576 3163 735 3249 baptismo
755 3162 934 3227 infantibus
954 3163 1022 3227 suis
1043 3161 1234 3229 conferendo
1256 3163 1340 3228 nihil
1361 3174 1418 3230 aut

179 3290 294 3353 parum
316 3277 439 3350 curant,
454 3267 573 3353 potiori
588 3267 669 3332 forte
684 3267 753 3331 iure
768 3266 875 3330 locum
896 3265 1012 3331 habere
1025 3264 1128 3347 debet,
1142 3289 1240 3354 quam
1255 3268 1290 3332 in
1306 3269 1416 3335 multis

180 3371 254 3437 aliis
267 3371 461 3459 regionibus

223 3476 434 3556 Quaestiones
455 3475 615 3561 praefatae
636 3475 707 3540 ideo
736 3475 904 3562 praecipue
928 3484 1165 3562 proponuntur,
1188 3485 1225 3541 ut
1246 3499 1287 3541 ex
1308 3500 1415 3542 earrun

179 3580 338 3646 solutione
351 3602 465 3644 norma
478 3578 641 3662 habentur,
653 3578 746 3644 iuxta
755 3602 853 3666 quam
867 3587 939 3644 tuto
953 3578 1080 3665 procedi
1095 3579 1196 3666 possit
1211 3580 1245 3644 in
1260 3581 1312 3646 his
1326 3605 1417 3668 prae-

179 3685 288 3750 sertim
302 3684 436 3749 casibus.
483 3683 533 3749 10.
564 3682 655 3773 llum
669 3705 710 3747 ex
725 3682 850 3747 duobus
864 3683 1011 3769 partibus
1024 3683 1208 3748 acatholicis
1221 3683 1262 3748 ab
1279 3685 1416 3750 invicem

180 3797 218 3853 ut
237 3811 336 3875 supra
355 3787 518 3873 sepamtis,
533 3785 632 3851 altera
646 3787 682 3851 in
695 3786 854 3873 gremium
877 3785 1037 3851 Ecclesiae
1051 3786 1149 3873 recipi
1163 3788 1314 3874 postulat,
1329 3799 1361 3854 et
1375 3789 1417 3855 ad

179 3892 258 3958 alias
268 3892 398 3979 nuptias
408 3890 594 3956 convolavit
603 3899 662 3955 aut
670 3890 840 3955 convolare
850 3890 948 3976 eupit.
994 3893 1045 3956 20.
1068 3889 1158 3955 Dum
1174 3914 1248 3978 pars
1262 3892 1417 3958 catholiea

179 3996 220 4061 ab
233 3995 408 4061 acatholica
429 4004 466 4058 ut
486 4016 584 4080 supra
605 4003 757 4080 separata,
773 4016 846 4058 cum
861 3994 926 4059 alia
939 3994 1090 4080 coniungi
1105 3994 1256 4080 postulat,
1271 4004 1415 4061 anteum

178 4100 243 4165 alia
257 4099 322 4164 iarn
337 4098 454 4181 iuncta,
469 4096 510 4162 ad
524 4107 720 4162 sacramenta
732 4095 859 4161 admitti
875 4108 1013 4183 exoptat.

501 4338 612 4399 Fama
633 4337 692 4399 IV.
714 4357 773 4398 nra
796 4339 811 4399 1
834 4338 983 4399 Auousrr
1010 4340 1094 4399 1883.

179 4582 182 4589 .
224 4528 267 4593 In
297 4526 551 4614 Congregatione
586 4525 727 4612 generali
760 4525 794 4591 S.
827 4525 867 4590 R.
897 4536 928 4589 et
960 4525 1161 4591 Universalis
1192 4525 1416 4613 Inquisitionis

179 4632 289 4698 habita
310 4653 416 4696 eoram
438 4629 541 4694 Emis.
564 4651 601 4693 ao
622 4628 725 4694 Rmis.
749 4627 827 4694 DD.
847 4628 881 4694 S.
901 4627 943 4695 R.
960 4628 999 4694 E.
1016 4628 1243 4696 Cardinalibus
1264 4632 1299 4696 in
1322 4632 1416 4699 rebus
