3204 5242
455 475 510 520 nr.
536 474 823 523 11111111011
852 474 909 521 11.
936 474 1129 520 urrunnu
1354 456 1415 519 201

180 655 292 720 genus,
321 654 459 719 quorum
488 641 596 697 tamen
627 631 783 718 quaedam
818 630 1044 718 impedimenta
1072 630 1244 696 Antistites
1276 629 1418 716 proiecto

181 745 335 802 excusant
355 760 376 802 a
390 737 572 802 visitatione
592 735 753 823 personali
773 743 913 817 tantum,
928 758 993 800 non
1014 757 1093 801 vero
1113 734 1156 800 ab
1178 734 1244 818 illa,
1259 755 1342 821 quae
1361 755 1419 820 per

180 851 302 907 certum
338 841 491 906 nuntium
526 841 596 906 fieri
628 839 719 921 solet,
747 839 851 907 veluti
880 839 1057 927 aegritudo,
1086 839 1271 925 decrepitas,
1301 860 1419 903 munus

181 945 377 1032 episcopatui
401 944 599 1029 adiunctum,
621 954 655 1010 et
677 943 798 1010 similia
821 966 904 1031 quae
924 966 1093 1031 personam
1119 943 1293 1030 respiciunt
1318 942 1419 1030 ipsius

181 1049 345 1136 Episcopi.
389 1049 475 1116 Sunt
486 1058 595 1115 autem
609 1048 765 1136 quaedam
781 1047 855 1129 alia,
870 1069 952 1136 quae
965 1048 1062 1113 etiam
1075 1071 1096 1113 a
1108 1047 1265 1113 mittendo
1280 1047 1419 1113 Romam

180 1163 302 1218 certum
321 1154 473 1218 nuntium
493 1153 670 1240 Episcopos
687 1162 850 1237 excusant,
864 1162 903 1218 ut
916 1175 966 1218 ex.
982 1175 1030 1240 gr.
1047 1152 1154 1239 pestis,
1169 1152 1299 1218 viarum
1313 1149 1418 1216 obses-

180 1257 237 1341 sio,
252 1258 423 1341 hostilitas,
437 1257 536 1324 modo
556 1256 635 1323 tales
655 1257 732 1341 sint,
746 1279 829 1344 quae
847 1256 1027 1343 impediant
1044 1279 1204 1322 accessum
1218 1256 1417 1322 dioecesano-

180 1384 253 1427 rum
266 1362 309 1428 ad
324 1359 482 1430 Urbem.'’
526 1361 676 1428 Ceterum
690 1370 818 1428 1010110
831 1369 965 1448 possunt
981 1361 1167 1427 huiusmodi
1182 1360 1418 1448 impedimenta,

180 1475 260 1553 quot
273 1465 448 1552 peculiares
465 1465 620 1554 cuiusque
638 1487 790 1552 personae
807 1465 1072 1549 circumstantiae,
1086 1465 1205 1551 quibus
1219 1466 1285 1547 fiat,
1299 1473 1338 1531 ut
1351 1465 1420 1532 11110

180 1592 297 1657 magna
307 1569 496 1635 difficultate
508 1578 566 1635 aut
578 1569 673 1657 gravi
688 1568 890 1635 incommodo
904 1569 981 1635 urbs
995 1569 1118 1635 Romae
1128 1569 1212 1635 adiri
1227 1593 1293 1635 non
1307 1569 1418 1656 possit.

226 1677 278 1741 13.
300 1672 365 1740 Sed
379 1673 473 1739 facile
483 1673 619 1760 quisque
633 1673 793 1760 intelliget
805 1672 982 1739 ordinarias
995 1696 1113 1758 causas,
1125 1697 1207 1761 quae
1220 1673 1419 1760 personalem

180 1772 398 1846 visitationem
412 1777 600 1864 impediant,
614 1786 724 1842 nostra
738 1777 799 1844 hac
810 1786 912 1843 aetate
925 1777 1054 1843 nonnisi
1073 1800 1147 1843 raro
1162 1778 1268 1843 locum
1283 1779 1400 1845 habere
1408 1803 1420 1862 ς

179 1905 217 1949 ca
237 1883 324 1947 enim
345 1882 472 1947 invexit
492 1881 671 1946 humanum
691 1881 1066 1969 ingeniumadiumenta
1085 1881 1128 1947 ad
1147 1882 1254 1949 varias
1275 1882 1419 1949 locorum

179 1985 347 2051 distantias
370 1985 609 2073 percurrendas,
632 1993 672 2051 ut
695 1984 877 2050 incredibili
901 1985 1003 2051 ferme
1026 1986 1185 2053 celeritate
1209 1994 1242 2052 et
1266 1986 1420 2053 facilitate

181 2089 368 2177 longissima
385 2112 530 2177 quaeque
548 2090 665 2155 itinera
683 2098 769 2155 terra
787 2089 933 2178 marique
950 2090 1059 2177 perfici
1074 2091 1213 2158 valeant.
1258 2092 1314 2175 Et,
1329 2092 1357 2157 11
1376 2092 1419 2158 ad

180 2193 325 2260 debitum
338 2193 547 2262 Visitatiouis
560 2192 702 2259 officium
716 2193 876 2278 commode,
891 2203 931 2259 ut
944 2194 1012 2281 ipse
1025 2195 1082 2279 ait,
1096 2194 1292 2282 explendum
1306 2196 1419 2262 Sixtus

180 2298 228 2368 V.
254 2297 416 2385 praedicta
443 2306 626 2384 temporum
655 2297 827 2364 intervalla
854 2298 1068 2384 praescripsit,
1092 2300 1224 2382 vomam,
1250 2309 1289 2365 ut
1311 2301 1418 2367 verbis

181 2412 311 2468 utamur
324 2401 490 2468 Benedicti
504 2399 636 2485 XIV.,¹
646 2402 781 2467 lccmam
794 2409 886 2488 utprae
895 2402 1074 2467 dioecesium
1088 2402 1129 2468 ab
1149 2403 1229 2472 Urbe
1239 2404 1419 2469 dramaticon

179 2529 300 2571 11101110
319 2506 484 2593 aequitatis
503 2506 624 2570 ratiorw
642 2505 860 2593 perpenderem
889 2504 970 2593 quid
992 2505 1027 2570 in
1050 2529 1196 2592 praesens
1220 2517 1288 2574 tam
1313 2509 1417 2592 facile,

181 2633 278 2698 quam
292 2611 379 2676 intra
392 2633 429 2676 ea
442 2609 614 2677 intervalla
627 2609 669 2675 ad
684 2609 811 2679 Urbem
829 2609 998 2676 accedere?
1041 2610 1074 2677 S.
1090 2611 1191 2698 igitur
1206 2612 1418 2699 Congregatio

180 2714 242 2780 sibi
263 2714 440 2803 persuadet,
455 2737 496 2780 ss.
512 2713 684 2780 Antistites
704 2713 781 2779 huic
801 2714 938 2797 muneri,
953 2715 1006 2779 cui
1028 2737 1093 2780 sese
1115 2716 1303 2802 interposito
1316 2739 1418 2782 sacra-

180 2830 288 2885 mento
302 2818 554 2902 obstrinxerunt,
569 2818 688 2883 nedum
709 2817 800 2884 statis
820 2841 840 2884 a
862 2817 955 2885 Sixto
969 2818 1019 2887 V.
1034 2820 1232 2907 temporibus
1253 2843 1418 2906 nunquam

180 2946 245 2989 esse
265 2922 442 3005 (1011110101,
463 2920 520 2987 sed
545 2922 646 2987 immo
666 2944 757 3008 spem
779 2922 868 2988 fovet
888 2922 924 2986 in
946 2920 1100 3006 Domino,
1122 2933 1169 3007 ut,
1192 2925 1418 3011 magistrorum

179 3027 325 3094 veritatis
339 3026 429 3093 Petri
444 3034 476 3091 et
491 3025 589 3091 Pauli
601 3025 770 3111 sepulchra
783 3025 928 3092 fidelium
942 3027 1065 3092 animas
1080 3027 1299 3093 illuminantia
1312 3052 1418 3094 coram

180 3131 371 3214 veneraturi,
393 3152 485 3195 suam
506 3130 570 3196 huc
590 3130 801 3216 praesentiam
823 3130 950 3217 saepius
973 3132 1071 3195 etiam
1092 3131 1274 3199 exhibeant.
1319 3132 1419 3214 Quod

180 3245 263 3301 certe
276 3235 339 3322 ipsi
362 3233 497 3300 libenter
510 3234 727 3320 praestabunt,
742 3234 838 3300 modo
852 3242 973 3301 attenta
985 3234 1235 3303 consideratione
1248 3237 1420 3304 revolvant

180 3340 266 3405 illud
294 3338 490 3405 Sardicensis
515 3336 673 3404 Concilii²
698 3339 888 3426 “optimum
916 3348 949 3405 et
972 3339 1069 3406 valde
1097 3342 1418 3427 congruentissimum

180 3467 256 3528 0110,
270 3442 299 3510 11
319 3443 362 3509 ad
383 3452 489 3531 caput,
504 3442 586 3508 idest
606 3442 648 3508 ad
663 3441 755 3509 Petri
767 3443 917 3530 Apostoli
938 3443 1052 3511 Sedem
1074 3444 1115 3510 de
1136 3445 1273 3533 singulis
1287 3446 1418 3534 quibus-

180 3570 316 3636 cumque
340 3547 516 3634 provinciis
539 3544 665 3613 domini
689 3547 829 3613 referant
856 3547 1072 3614 Sacerdotes?
1118 3548 1172 3614 Ita
1196 3551 1282 3614 enim
1307 3551 1355 3633 fit,
1382 3558 1419 3615 ut

180 3653 347 3718 Romanus
370 3651 535 3735 Pontifex,
557 3651 611 3717 cui
635 3651 781 3717 omnium
805 3652 1006 3718 ecclesiarum
1031 3652 1216 3718 sollicitudo
1240 3653 1419 3720 concredita

180 3767 238 3840 est,
264 3755 453 3822 Praesulum
483 3755 623 3822 Romam
646 3755 890 3822 adventantium
919 3779 1016 3843 opera
1043 3765 1076 3821 et
1102 3756 1274 3841 adiutorio,
1299 3758 1419 3845 ubique

181 3860 323 3926 locorum
338 3859 515 3928 Christiani
535 3860 643 3948 gregis
663 3861 861 3926 necessitates
879 3883 1056 3947 agnoscere,
1071 3861 1291 3947 spiritualium
1304 3863 1417 3928 ovium

181 3965 309 4031 morbos
323 3965 512 4053 intelligere,
528 3972 559 4030 et
572 3964 697 4050 aptiora
715 3963 855 4030 remedia
875 3964 1027 4030 adhibere
1041 3964 1155 4049 valeat,
1171 3966 1417 4057 necquidquam

181 4069 288 4155 ipsum
317 4068 415 4134 lateat
442 4091 552 4134 earum
580 4090 700 4152 rerum,
725 4090 806 4156 quas
834 4066 875 4133 ad
903 4066 967 4133 Dei
995 4068 1134 4155 gloriam
1161 4069 1350 4155 augendam,
1375 4068 1417 4134 ad

181 4172 384 4260 Religionem
398 4169 648 4258 propagandam
659 4171 701 4236 ad
715 4173 895 4237 animarum
909 4172 1029 4237 bonum
1044 4172 1300 4258 promovendum
1314 4196 1417 4238 neces-

181 4277 265 4342 sario
285 4299 361 4342 eum
381 4276 462 4342 scire
482 4283 617 4362 oportet.
662 4274 764 4341 Plura
783 4298 858 4340 sane
879 4274 1006 4362 negotia
1026 4299 1084 4363 per
1098 4276 1264 4362 epistolam
1285 4285 1418 4364 possunt
1451 4360 1454 4367 ,

181 4380 326 4468 expediri
338 4406 348 4464 3
377 4402 471 4446 nemo
492 4387 600 4445 tamen
623 4379 745 4445 inficias
767 4379 874 4464 iverit,
897 4381 992 4468 plura
1014 4403 1081 4446 0110
1102 4381 1176 4464 alia,
1200 4403 1281 4466 quae
1304 4381 1418 4447 melius

217 4533 225 4564 ι
323 4533 330 4548 .

216 4533 440 4686 ,ffljssyss‘jd
452 4618 504 4670 lul.
516 4617 538 4669 1.
550 4617 628 4670 Rom.
639 4617 724 4684 Pont,
736 4616 808 4685 apud
819 4617 967 4683 Irrbbaeam,
983 4617 1049 4669 Tem.
1060 4619 1088 4668 ii.
1100 4619 1142 4670 col.
1154 4618 1204 4669 690
1214 4619 1270 4670 edit.
1285 4618 1365 4673 Vara
