3142 5242
172 421 236 486 104
294 432 982 483 r1ruuusv1.—nssuvanrur1s
1011 432 1343 481 rusr1rur1ous.

169 592 257 668 cula
280 596 566 683 removeantur,
585 587 717 664 stricte
742 586 1004 689 praecipimus
1022 587 1175 688 nequis
1192 587 1277 664 sive
1294 588 1405 689 Epis·

169 733 288 808 copus
313 708 396 783 sive
421 707 635 806 presbyter,
652 706 758 806 quod
774 703 957 781 Pontifex
971 728 1044 804 per
1058 705 1218 782 Sacram
1240 704 1405 805 Congre-

169 823 367 925 gationem
385 823 530 899 diserte
545 828 663 916 vetat,
678 819 903 920 hujusmodi
915 828 1098 922 parentes
1115 847 1140 897 a
1156 822 1407 898 sacramentis

168 939 280 1040 quasi
296 939 480 1039 indignos
496 938 581 1015 sive
596 937 758 1014 intentis
775 937 894 1013 minis
911 937 995 1014 sive
1010 944 1100 1014 actu
1115 937 1203 1038 ipso
1218 938 1407 1039 repellere

169 1059 320 1133 audeat.
374 1057 487 1146 Quod
500 1055 626 1130 multo
638 1054 765 1154 magis
782 1056 832 1130 de
849 1053 980 1153 pueris
996 1053 1095 1154 ipsis
1107 1053 1407 1154 intelligendum

168 1179 239 1250 est.
291 1174 421 1263 Quare
450 1179 627 1272 pastores
656 1170 879 1246 animarum
910 1173 1007 1247 dum
1032 1171 1168 1248 fideles
1198 1171 1275 1248 sibi
1304 1197 1407 1248 com·

168 1288 308 1365 missos
334 1291 384 1365 de
408 1288 630 1365 scholarum
654 1287 797 1363 harum
822 1286 1006 1387 periculis
1036 1294 1208 1381 monent,
1235 1312 1407 1365 summo·

167 1431 261 1506 pere
296 1411 460 1481 caveant
501 1429 551 1480 ne
592 1402 801 1479 immodico
844 1403 926 1480 zelo
969 1404 1075 1480 ducti
1117 1405 1409 1503 sapientissima

167 1521 330 1597 Sanctae
371 1520 482 1597 Sedis
519 1519 683 1596 consilia
715 1526 756 1595 et
787 1529 994 1619 praecepta
1028 1520 1159 1596 verbis
1193 1529 1263 1596 aut
1296 1521 1408 1598 factis

167 1637 316 1713 violare
336 1637 555 1713 videantur.
601 1658 611 1680 ·

169 1850 171 1854 Α
219 1756 303 1829 199.
347 1753 498 1842 Quibus
532 1752 713 1827 omnibus
755 1754 853 1829 bene
886 1754 1089 1854 perpensis
1123 1753 1335 1831 statuimus
1369 1761 1410 1831 et

167 1869 432 1945 decernimus:

220 2009 247 2061 1.
282 1985 410 2084 Prope
428 2011 743 2086 unamquamque
766 1987 967 2063 ecclesiam
985 1987 1052 2063 ubi
1069 1989 1247 2064 nondum
1263 1988 1409 2082 existit,

167 2103 340 2178 scholam
366 2101 629 2202 parochialem
654 2101 761 2177 intra
786 2104 884 2178 duos
910 2128 1033 2178 annos
1051 2130 1076 2179 a
1090 2104 1411 2204 promulgatione

166 2218 285 2317 hujus
310 2217 473 2293 Concilii
498 2218 724 2317 erigendam
742 2216 840 2293 etin
857 2226 1092 2317 perpetuum
1108 2223 1410 2297 sustentandam

166 2360 261 2428 esse,
279 2334 356 2409 nisi
382 2334 600 2433 Episcopus
618 2335 668 2409 ob
685 2334 884 2433 graviores
905 2335 1150 2413 difficultates
1177 2335 1410 2412 dilationem

166 2452 451 2526 concedendam
468 2476 552 2526 esse
571 2450 733 2549 judicet.

218 2589 266 2643 11.
300 2567 558 2661 Sacerdotem,
579 2566 647 2666 qui
673 2566 779 2644 intra
803 2567 877 2645 hoc
902 2576 1057 2668 tempus
1082 2570 1317 2646 erectionem
1344 2572 1411 2647 vel

167 2683 488 2760 sustentationem
519 2684 673 2758 scholae
698 2683 809 2783 gravi
835 2709 907 2760 sua
932 2685 1170 2784 negligentia
1203 2685 1411 2786 impediat,

165 2801 230 2876 vel
263 2808 354 2899 post
385 2799 572 2899 repetitas
605 2800 792 2899 Episcopi
835 2801 1120 2878 admonitiones
1163 2828 1242 2878 non
1285 2811 1411 2899 curet,

166 2916 308 2993 mereri
325 2917 582 2992 remotionem
600 2917 649 2991 ab
667 2916 737 2992 illa
753 2917 925 2993 ecclesia.

217 3056 282 3109 111.
318 3033 548 3108 Missionem
567 3034 630 3108 vel
656 3035 877 3132 paroeciam
895 3061 994 3134 quae
1015 3040 1253 3113 sacerdotem
1270 3036 1315 3114 in
1334 3038 1409 3116 eri·

165 3153 294 3251 genda
310 3150 375 3225 vel
391 3152 646 3225 sustentanda
663 3151 795 3224 schola
811 3151 1000 3249 adjuvare
1018 3152 1074 3228 ita
1091 3152 1276 3252 negligat,
1295 3163 1343 3231 ut
1359 3157 1412 3232 ob

165 3269 266 3343 hanc
291 3268 474 3365 supinam
501 3266 780 3364 negligentiam
808 3268 941 3342 schola
973 3269 1139 3345 existere
1164 3295 1249 3364 non,
1269 3273 1409 3371 possit,

166 3385 217 3458 ab
234 3382 428 3482 Episcopo
446 3408 529 3457 esse
542 3382 904 3479 reprehendendam
918 3408 961 3458 ac
974 3385 1115 3483 quibus
1129 3386 1412 3466 efficacioribus

166 3509 206 3576 et
218 3499 535 3599 prudentioribus
549 3498 675 3573 modis
689 3505 828 3596 potest,
842 3498 1102 3576 inducendam
1119 3503 1170 3577 ad
1188 3506 1413 3582 necessaria

166 3615 342 3692 subsidia
361 3617 604 3691 conferenda.

216 3755 273 3808 1v.
300 3732 445 3808 Omnes
458 3740 639 3830 parentes
653 3731 871 3807 Catholicos
888 3733 1040 3831 prolem
1058 3760 1170 3810 suam
1184 3736 1235 3811 ad
1252 3737 1411 3814 scholas

165 3848 407 3951 parochiales
440 3847 597 3923 mittere
629 3847 765 3943 teneri,
797 3848 873 3923 nisi
903 3850 966 3924 vel
1001 3850 1109 3926 domi
1138 3851 1203 3927 vel
1237 3851 1282 3929 in
1316 3855 1411 3930 aliis

165 3965 307 4042 scholis
325 3963 534 4039 Catholicis
553 3963 797 4039 Christianae
816 3965 987 4040 filiorum
1005 3992 1165 4042 suorum
1183 3970 1411 4048 educationi

165 4082 398 4158 sufficienter
415 4088 455 4155 et
471 4080 672 4155 evidenter
688 4080 903 4174 consulant,
922 4089 992 4158 aut
1014 4083 1064 4159 ob
1083 4109 1241 4161 causam
1264 4087 1409 4163 suffici·

164 4207 306 4291 entem,
341 4198 391 4271 ab
425 4196 619 4295 Episcopo
661 4198 931 4294 approbatam,
965 4206 1006 4274 et
1038 4225 1127 4276 cum
1169 4206 1409 4300 opportunis

164 4313 409 4391 cautionibus
421 4312 680 4411 remediisque
698 4338 763 4387 eos
780 4315 832 4388 ad
848 4313 946 4389 alias
964 4316 1115 4391 scholas
1132 4317 1291 4394 mittere
1308 4319 1409 4418 ipsis

164 4431 289 4505 liceat.
341 4431 543 4518 Quaenam
573 4435 704 4503 autem
735 4428 787 4503 sit
816 4429 948 4504 schola
971 4430 1172 4509 Catholica
1202 4434 1407 4510 Ordinarii

159 4547 307 4646 judicio
325 4544 589 4622 definiendum
606 4544 853 4643 relinquitur.
965 4606 970 4620 .
