3142 5242
538 487 761 533 snss1orens
789 487 1027 536 sonsunns.
1354 471 1404 536 liii

165 650 237 708 tum
251 665 429 730 verumque
447 643 686 709 Sacramentum
708 646 803 708 sumi.
850 643 1039 711 Constanter
1061 653 1152 710 teneo
1174 645 1403 732 Purgatorium

165 769 242 832 esse,
266 748 452 834 animasque
475 747 520 812 ibi
545 746 688 812 detentas
709 747 872 813 Fidelium
898 747 1058 835 suffragiis
1081 750 1203 835 juvari.
1249 750 1405 815 Similiter

164 859 198 916 et
211 850 346 917 Sanctos
360 874 426 917 una
444 874 517 916 cum
534 850 664 918 Christo
686 861 854 938 regnantes
875 853 1071 918 venerandos
1093 862 1188 939 atque
1211 854 1404 920 invocandos

165 977 242 1037 esse,
257 977 373 1042 eosque
389 956 548 1021 crationes
567 955 639 1020 Deo
661 974 720 1042 pro
744 956 837 1021 nobis
860 955 982 1040 offerre,
1002 966 1097 1044 atque
1120 980 1229 1021 eorum
1253 957 1405 1044 reliquias
1449 1038 1454 1052 ι

165 1081 233 1124 esce
253 1059 460 1125 venerandas.
506 1059 707 1124 Firmissime
731 1082 845 1143 assero,
868 1060 1023 1147 imagines
1044 1061 1166 1128 Christi
1189 1084 1225 1125 ac
1247 1061 1405 1148 Deiparae

164 1185 292 1249 semper
306 1161 469 1249 Virginis,
485 1186 609 1229 necnon
622 1164 762 1228 aliorum
776 1163 965 1229 Sanctorum
988 1165 1150 1230 habendas
1171 1173 1203 1230 et
1224 1165 1405 1230 retinendas

164 1289 242 1349 we,
265 1277 361 1353 atque
386 1267 431 1332 eis
460 1266 605 1332 debitum
635 1267 788 1332 honorem
817 1290 855 1332 ac
882 1268 1119 1334 venerationem
1149 1268 1403 1355 impertiendam.

167 1369 451 1458 Indulgentiarum
482 1371 578 1436 etiam
606 1380 793 1458 potestatem
823 1394 842 1436 a
872 1371 1001 1438 Christo
1027 1372 1061 1436 in
1091 1372 1233 1437 Ecclesia
1261 1373 1404 1438 relictam

165 1473 274 1558 fuisse,
296 1474 491 1562 illarumque
513 1498 607 1540 usum
632 1475 817 1541 Christiano
839 1475 961 1562 populo
986 1476 1126 1542 maxime
1146 1476 1318 1543 salutarem
1339 1499 1405 1543 esse

164 1575 301 1644 affirmo.
347 1578 506 1662 Sanctam,
523 1579 721 1646 Catholicam
736 1587 768 1644 et
782 1578 1004 1666 Apostolicam
1026 1580 1206 1645 Romanam
1230 1580 1405 1646 Ecclesiam

165 1683 315 1748 omnium
338 1682 555 1748 Ecclesiamm
580 1691 715 1748 matrem
738 1691 771 1748 et
800 1683 986 1769 magistram
1015 1706 1171 1772 agnosco;
1194 1684 1405 1771 Romanoque

166 1785 329 1870 Pontifici,
359 1786 443 1852 beati
480 1786 570 1852 Petri
599 1786 832 1874 Apostolorum
855 1786 1030 1874 ‘Principis
1058 1787 1227 1853 successori
1260 1811 1298 1853 ac
1326 1787 1405 1854 Jesu

165 1889 291 1958 Christi
305 1889 442 1959 vicario
456 1914 566 1958 veram
581 1890 795 1956 obedientiam
809 1891 951 1976 spondeo
965 1914 1002 1956 ac
1009 1893 1097 1977 jurc.

210 1993 374 2061 “Caetera
388 1996 465 2060 item
480 1995 589 2061 omnia
602 2018 622 2060 a
635 1996 732 2060 sacris
746 1995 932 2061 Canonibus
946 2004 978 2061 et
997 1996 1218 2065 Oecumenicis
1240 1996 1404 2081 conciliis,

164 2121 203 2164 ac
215 2099 385 2186 praecipue
398 2122 418 2164 a
431 2107 627 2164 sacrosancta
641 2097 832 2164 Tridentina
846 2098 977 2185 Synodo
992 2107 1024 2164 et
1036 2099 1077 2165 ab
1092 2100 1304 2165 Oecumenicc
1318 2100 1405 2166 Con-

165 2203 241 2268 cilio
264 2201 425 2271 Vaticano
447 2202 575 2286 tradita,
598 2202 729 2268 definita
749 2225 787 2267 ac
807 2201 973 2295 declarata,
996 2205 1181 2290 praesertim
1202 2202 1243 2269 de
1265 2203 1405 2269 Romani

166 2306 335 2372 Pontificis
364 2306 512 2372 Primatu
541 2316 573 2372 et
602 2305 779 2371 Infallibili
809 2306 1008 2393 Magisteri0,
1039 2307 1258 2372 indubitanter
1286 2307 1405 2394 recipio

164 2421 263 2497 atque
277 2411 446 2497 profiteor;
469 2410 630 2497 simulque
650 2411 808 2476 contraria
822 2411 940 2493 omnia,
955 2421 1051 2497 atque
1072 2411 1214 2476 haereses
1235 2434 1404 2498 quascum-

165 2537 228 2602 que
242 2514 285 2580 ab
299 2514 441 2579 Ecclesia
454 2514 621 2579 damnatas
638 2523 670 2579 et
691 2516 820 2599 rejectas
842 2523 874 2579 et
897 2515 1188 2598 anathematizatas,
1204 2538 1263 2601 ego
1285 2515 1405 2601 pariter

164 2617 295 2702 damno,
320 2619 430 2704 rejicio
458 2627 490 2683 et
518 2618 759 2684 anathematizo.
804 2617 901 2683 Hanc
929 2640 1039 2684 veram
1068 2617 1268 2684 Catholiccm
1297 2617 1404 2703 fidem,

165 2733 257 2788 extra
271 2745 369 2809 quam
383 2745 478 2788 nemo
492 2722 603 2788 salvus
624 2744 689 2787 esse
710 2730 824 2808 potest,
839 2745 937 2809 quam
959 2721 1174 2809 inpraesenti
1195 2730 1309 2807 sponte
1329 2744 1405 2809 pro-

165 2827 258 2892 fiteor
279 2835 312 2892 et
333 2827 488 2893 veraciter
509 2834 611 2910 teneo,
626 2826 768 2891 eamdem
788 2826 946 2912 integram
968 2835 1000 2891 et
1026 2825 1214 2892 inviolatam
1237 2848 1339 2912 usque
1362 2824 1405 2891 ad

164 2940 347 2996 extremum
360 2931 449 2997 vitae
465 2930 616 3016 spiritum
638 2930 890 2994 constantissime
903 2928 988 3017 (Deo
1009 2929 1195 3016 adjuvante)
1217 2930 1353 2994 retinere
1373 2937 1406 2994 et

164 3035 320 3116 confiteri,
343 3044 439 3122 atque
463 3057 484 3100 a
508 3034 588 3099 meis
612 3033 760 3117 subditis,
785 3032 839 3099 vel
864 3032 932 3098 illis
956 3056 1095 3120 quorum
1120 3056 1196 3099 cura
1224 3032 1266 3098 ad
1290 3056 1340 3097 me
1369 3032 1404 3097 in

165 3160 299 3204 munere
322 3161 392 3204 mec
414 3138 577 3224 spectabit,
598 3137 709 3222 teneri,
731 3138 837 3203 doceri
859 3145 891 3202 ct
912 3136 1099 3224 praedicari,
1114 3147 1273 3224 quantum
1296 3137 1331 3201 in
1353 3159 1405 3202 me

165 3242 237 3325 erit,
251 3252 447 3325 curaturum,
462 3265 521 3328 ego
535 3241 621 3306 idem
636 3241 680 3307 N.
695 3241 846 3328 sponde0,
861 3263 975 3325 voveo,
990 3263 1027 3305 ac
1034 3241 1121 3326 juro.
1167 3240 1221 3305 Sic
1242 3263 1293 3305 me
1314 3240 1405 3306 Deus

164 3345 307 3432 adjuvet,
323 3353 355 3411 et
368 3345 447 3411 haec
460 3355 568 3411 sancta
582 3345 645 3410 Dei
657 3343 868 3431 Evangelia.''

210 3449 369 3536 Tempore
389 3472 449 3537 pro
470 3449 619 3537 proxima
639 3449 777 3514 sessione
798 3448 933 3514 solemni
955 3448 1085 3532 indicto,
1101 3448 1275 3534 Delegatus
1297 3448 1404 3535 Apos-

165 3553 282 3619 tolicus
311 3553 460 3618 omnibus
495 3553 713 3640 praesentibus
751 3552 1000 3617 benedictionem
1036 3551 1185 3639 papalem
1214 3552 1403 3637 impertivit.

165 3656 344 3743 Syncdales
357 3655 472 3721 deinde
485 3655 751 3742 totusqucclerus
771 3655 1044 3742 processionaliter
1057 3655 1099 3720 ad
1113 3655 1204 3719 aedes
1218 3654 1404 3741 Archiepis·

166 3761 240 3847 copi
254 3761 374 3826 reversi
388 3768 474 3825 suut.

627 3898 745 3963 Snssm
766 3898 945 3962 Saeuum.

212 4074 277 4139 Die
305 4072 484 4156 Dominica,
507 4095 588 4159 quae
610 4073 675 4137 fuit
695 4091 801 4138 XXIV.
824 4081 898 4159 post
927 4073 1142 4155 Pentecosten,
1165 4071 1288 4137 decima
1316 4080 1406 4136 sexta

167 4178 376 4261 Novembris,
390 4177 501 4242 habita
522 4185 570 4242 est
590 4177 685 4242 sessio
706 4176 845 4241 secunda
865 4176 1025 4242 solemnis.
1071 4176 1208 4240 Missam
1229 4176 1405 4240 solemnem

166 4281 342 4347 celebravit
359 4280 489 4346 Illmus.
505 4289 538 4346 et
556 4280 671 4346 Rmus.
687 4279 956 4366 Archiepiscopus
969 4279 1199 4361 Bostoniensis,
1214 4279 1266 4343 cui
1280 4279 1405 4343 assiste-

168 4385 248 4451 bant
268 4385 434 4472 presbyter
455 4384 555 4450 Adm.
577 4383 661 4451 Rev.
683 4383 718 4449 J.
741 4384 782 4449 B.
804 4384 936 4470 Hogan,
957 4383 992 4450 S.
1014 4383 1060 4467 S,
1081 4384 1234 4448 diaconus
1256 4383 1339 4447 Rev.
1359 4381 1403 4447 D.

170 4488 313 4554 Thomas
327 4487 458 4571 Griffin,
472 4487 683 4553 subdiaconus
698 4487 746 4553 H.
759 4488 799 4554 F.
816 4488 1001 4574 Kinnerny.
1046 4486 1203 4573 Delegato
1218 4484 1405 4572 Apostolicc

168 4593 359 4658 assistebant
372 4591 469 4656 iidem
484 4592 542 4678 qui
556 4591 592 4656 in
605 4591 740 4656 sessione
754 4593 870 4678 prima
913 4591 1099 4656 Sermonem
1110 4590 1161 4655 Dc
1174 4590 1350 4655 Sacerdotic
1363 4587 1406 4653 ad
