3142 5242
474 497 528 542 un
558 497 868 544 ermemmarus
897 497 1077 545 cocras.
1343 486 1405 550 175

170 649 302 749 tigerit
320 652 627 727 matrimoniales
645 678 779 728 causas
796 678 914 751 super
926 653 1129 729 validitate
1142 656 1205 729 vel
1224 656 1404 731 nullitate

169 792 300 842 coram
326 767 502 866 legitimo
522 769 653 866 judice
679 768 898 868 disceptari,
924 795 1091 869 eumque
1116 772 1339 870 opportebit
1362 772 1404 848 in

169 882 343 981 quolibet
376 893 464 960 actu
493 884 672 982 judiciali
706 884 828 980 citari,
860 887 995 961 adesse
1028 885 1198 962 examini
1232 888 1402 982 testium,

169 1024 262 1074 voce
296 1008 334 1074 et
377 1001 531 1099 scriptis
573 1000 814 1076 matrimonii
849 1002 1092 1077 validitatem
1136 1002 1249 1096 tueri,
1283 1030 1403 1103 eaque
1462 998 1465 1003 ’

168 1116 300 1190 omnia
343 1118 541 1210 deducere,
578 1143 676 1216 quae
713 1119 762 1192 ad
799 1117 1094 1193 matrimonium
1132 1119 1403 1195 sustinendum

169 1233 384 1307 necessaria
417 1233 598 1309 censebit.
652 1234 705 1309 Et
739 1236 897 1309 demum
931 1234 1144 1310 defensoris
1178 1235 1403 1333 hujusmodi

167 1373 335 1447 persona
359 1357 547 1448 tanquam
573 1375 664 1450 pars
691 1351 906 1426 necessaria
931 1353 982 1426 ad
1002 1350 1140 1450 judicii
1159 1351 1403 1427 validitatem

167 1472 208 1539 et
240 1463 505 1564 integritatem
539 1475 752 1559 censeatur,
779 1492 1009 1567 semperque
1043 1467 1147 1542 adsit
1171 1467 1213 1543 in
1242 1468 1401 1566 judicio.

166 1584 188 1628 '¹‘
213 1583 279 1628 ²⁸²*
314 1582 586 1683 Quaecumque
619 1608 724 1676 vere,
759 1609 803 1659 eo
842 1609 919 1657 non
962 1583 1135 1682 legitime
1177 1584 1293 1659 citato
1337 1592 1405 1660 aut

166 1697 359 1791 intimato,
386 1699 427 1773 in
456 1726 471 1797 J
480 1699 604 1774 udicio
630 1709 785 1799 peracta
816 1699 970 1792 fuerint,
999 1700 1118 1791 nulla,
1146 1700 1269 1793 irrita,
1296 1726 1403 1775 cassa

167 1817 445 1891 declaramus.”
503 1816 664 1914 (Bened.
683 1815 810 1910 XIV,
829 1816 853 1893 l.
870 1841 917 1909 c,
934 1819 974 1914 ἐξ
992 1819 1027 1910 6,
1047 1817 1098 1916 7.)

219 1932 290 2008 IV.
326 1933 512 2008 Notarius
535 1932 796 2031 (Secretariusr,
815 1932 1088 2026 Cancellarius,
1106 1934 1332 2034 Actuarius)
1358 1962 1402 2011 eo

167 2049 397 2149 praesertim
427 2051 504 2125 fine
534 2048 793 2143 constituitur,
821 2058 865 2125 ut
893 2050 1014 2125 totius
1044 2075 1246 2149 processus
1274 2061 1401 2150 proto·

166 2167 310 2241 collum
341 2166 519 2264 excipiat,
546 2168 716 2240 notando
752 2166 897 2243 scilicet
930 2165 1033 2241 dicta
1064 2174 1104 2242 et
1137 2168 1238 2267 facta
1272 2168 1404 2243 omnia

161 2282 375 2382 judicialia,
395 2283 626 2357 nominatim
648 2282 969 2380 interrogationes
996 2282 1265 2358 examinandis
1282 2285 1402 2359 factas

165 2424 376 2498 eorumque
401 2397 692 2497 responsioncs3
718 2400 920 2474 referendo
945 2397 988 2473 in
1014 2399 1110 2474 actis
1135 2399 1326 2499 quidquid
1352 2403 1402 2476 ad

165 2541 322 2591 causam
349 2515 528 2615 pertinet.
582 2515 788 2590 Praeterea
817 2515 933 2614 plura
961 2514 1223 2591 instrumenta
1249 2515 1290 2591 in
1314 2542 1400 2616 pro·

165 2657 275 2707 cessu
299 2614 545 2724 conficienda,
563 2639 608 2707 ut
627 2632 744 2706 fidem
764 2630 806 2706 in
828 2639 1028 2730 posterum
1051 2632 1176 2706 facere
1192 2633 1361 2726 valeant,
1378 2658 1403 2708 a

165 2748 318 2824 notario
335 2747 488 2846 signata
504 2747 585 2823 sint
601 2755 765 2846 oportet,
780 2755 825 2822 ut
841 2756 1005 2847 apparet
1020 2773 1069 2823 ex
1085 2747 1204 2823 Instr.
1223 2748 1262 2823 S.
1277 2750 1319 2823 C.
1337 2749 1413 2824 cit.-

214 2866 301 2942 306.
338 2863 527 2939 Officiales
552 2864 751 2964 praedicti,
769 2872 867 2963 puta
883 2864 1049 2959 auditor,
1066 2865 1248 2940 defensor
1268 2864 1401 2939 matri·

165 2982 288 3058 monii
313 2989 354 3058 et
378 2981 552 3056 notarius
577 2981 627 3055 ab
652 2980 846 3079 Episcopo
881 2981 1144 3075 nominantur,
1174 2979 1242 3079 qui
1272 3006 1339 3056 eos
1367 2980 1401 3056 si

163 3098 273 3198 justa
298 3097 398 3172 ratio
424 3096 542 3172 fuerit
567 3098 802 3194 suspendere
820 3096 882 3171 vel
903 3097 1021 3171 etiam
1043 3121 1245 3172 removere
1262 3105 1400 3195 potest,

165 3215 297 3314 eisque
322 3215 420 3290 alios
445 3212 678 3288 substituere
703 3212 809 3287 viros
834 3212 976 3287 debitis
1002 3212 1157 3287 dotibus
1190 3212 1399 3310 praeditos,

164 3339 205 3408 et
229 3331 369 3430 quibus
396 3330 507 3404 nulla
531 3354 579 3404 ex
604 3336 714 3427 parte
741 3328 975 3427 exceptionis
994 3335 1086 3402 nota
1103 3327 1248 3427 opponi
1266 3327 1399 3427 possit.

170 3449 305 3548 (Instr.
324 3447 362 3522 S.
382 3447 422 3522 Ο.
440 3446 514 3538 cit,
534 3448 552 3543 ξ
572 3448 623 3544 7.)

216 3565 301 3642 307.
337 3565 559 3638 Advocatos
597 3588 665 3636 seu
708 3563 927 3637 defensores
970 3561 1128 3660 quidem
1171 3562 1401 3660 conjugibus

166 3684 356 3759 adducere
373 3682 432 3754 fas
449 3686 518 3771 est,
538 3687 581 3753 ut
597 3704 668 3753 sua
688 3679 781 3776 jura
797 3685 993 3766 tueantur,
1012 3702 1222 3776 eorumque
1239 3677 1399 3752 oonsilio

166 3799 235 3892 uti,
253 3797 582 3897 quemadmodum
608 3794 649 3870 in
677 3795 793 3869 Instr.
819 3795 856 3870 S.
884 3794 926 3869 O.
953 3793 1066 3891 cit.,§
1093 3796 1153 3886 23,
1172 3793 1398 3871 declaratur.

167 3917 243 3991 Per
276 3940 318 3989 se
347 3920 455 4012 patet
484 3914 690 3986 advocatos
725 3938 748 3986 a
782 3910 956 4004 testibus,
988 3935 1199 4009 eorumque
1233 3910 1401 4008 allegata

165 4029 387 4131 personalia
412 4055 435 4103 a
460 4027 693 4103 testimoniis
719 4028 935 4126 plurimum
961 4027 1117 4118 differe3
1144 4025 1284 4125 quodsi
1308 4051 1399 4101 vero

165 4149 225 4224 illi
251 4145 451 4245 negotium
477 4144 739 4243 pertubarent,
758 4144 998 4218 abactorum
1026 4143 1271 4217 moderatore
1295 4141 1400 4217 intra

164 4265 293 4364 justos
323 4261 469 4346 limites
503 4259 703 4335 coercendi
739 4267 877 4351 essent,
906 4258 969 4333 vel
1003 4257 1121 4333 etiam
1156 4284 1180 4332 a
1212 4258 1400 4332 tribunali

165 4378 317 4456 excludi
345 4385 513 4478 possent,
540 4385 583 4452 ut
612 4376 653 4452 in
685 4376 863 4474 superius
892 4381 1109 4450 memorata
1139 4373 1400 4449 Instructione

165 4494 350 4593 Arehiep.
368 4493 612 4582 Viennensis,
633 4495 651 4589 ξ
672 4495 754 4582 143,
774 4500 962 4567 monetur.
