3142 5242
547 474 601 519 DE
630 474 781 521 NIGRIS
812 475 863 520 ΕΤ
892 473 1026 520 INDIS·

623 852 840 928 CAPUT
871 854 940 929 II.

166 1035 231 1112 Da
258 1037 373 1113 Cura
397 1036 628 1112 Puerorum
655 1059 733 1111 rao
757 1036 1000 1113 Hounrraus
1023 1039 1062 1113 N
1065 1062 1174 1115 roms
1197 1061 1247 1115 rr
1273 1039 1402 1117 Innrs.

216 1204 301 1280 237.
339 1203 468 1293 Quum
492 1203 533 1278 in
559 1202 772 1301 Nigrorum
790 1202 915 1277 salute
932 1208 1198 1301 promovenda
1220 1232 1266 1281 ea
1289 1207 1403 1282 dere

166 1327 316 1419 agatur,
334 1345 433 1418 quae
450 1344 626 1394 summae
649 1344 809 1417 prorsus
826 1320 1065 1396 necessitatis
1082 1330 1152 1415 est,
1170 1321 1338 1397 libenter
1353 1322 1403 1398 iis

165 1435 411 1527 assentimur,
449 1460 549 1534 quae
586 1436 635 1510 de
673 1435 799 1509 salute
837 1442 878 1509 et
918 1435 1141 1559 Christiana
1177 1438 1403 1514 educatione

167 1551 380 1651 Nigrorum
424 1551 608 1627 uniformi
651 1552 801 1626 ratione
844 1554 1088 1649 procuranda
1129 1552 1324 1628 habentur
1360 1553 1402 1629 in

166 1667 279 1743 Cone.
308 1668 417 1743 Plen.
446 1666 548 1743 Balt.
576 1668 643 1761 11,
664 1673 704 1742 et
728 1666 769 1741 in
796 1667 1049 1743 instructione
1074 1670 1125 1743 ab
1150 1669 1262 1744 Emo.
1289 1671 1401 1745 Card.

166 1784 366 1859 Praefecto
401 1785 449 1859 de
484 1782 602 1883 Prop.
630 1784 727 1858 Fide
762 1785 813 1858 ad
848 1783 1006 1860 Rmum.
1041 1785 1216 1882 ejusdem
1251 1785 1402 1860 concilii

165 1900 384 2000 praesidem
424 1902 539 1992 data;
584 1899 645 1975 cui
690 1898 907 1974 necessitati
943 1899 1019 1975 nisi
1055 1900 1188 1976 statim
1224 1901 1402 2000 provide·

165 2042 289 2110 amus,
323 2023 475 2092 tantam
517 2042 683 2091 messem
726 2016 767 2091 in
806 2015 946 2091 horrea
985 2016 1130 2092 Christi
1171 2017 1401 2116 colligendo,

165 2133 370 2208 hominurn
396 2132 643 2207 inimicorum
669 2132 871 2207 fraudibus
902 2158 946 2207 ac
975 2132 1180 2231 cupiditati
1209 2132 1401 2232 irrepara-

164 2248 236 2323 bili
270 2250 387 2348 plane
427 2251 570 2323 damno
610 2247 845 2346 objiciemus.
923 2248 1098 2340 Concilii,
1119 2247 1257 2324 Patres
1295 2248 1403 2325 illius

164 2372 408 2458 censuerunt,
433 2364 474 2439 in
501 2364 673 2438 conciliis
698 2364 1014 2463 provincialibus,
1041 2365 1210 2440 maxime
1235 2390 1327 2440 vero
1352 2365 1401 2440 iis

164 2481 207 2556 in
237 2480 448 2581 provinciis
479 2480 546 2555 ubi
573 2479 687 2579 Nigri
714 2480 853 2578 majori
883 2505 1045 2555 numero
1073 2489 1290 2573 versantur,
1314 2481 1400 2557 dili·

163 2607 302 2699 genter
326 2599 643 2696 pertractandum
670 2598 719 2672 de
744 2597 890 2695 regulis
917 2597 1123 2696 unicuique
1148 2597 1232 2673 loeo
1258 2623 1402 2673 accom-

164 2714 347 2806 modatis,
391 2721 436 2789 ut
482 2713 635 2788 meliori
678 2720 795 2812 atque
837 2712 1037 2788 efficaciori
1080 2715 1196 2788 modo
1238 2713 1403 2790 istorum

165 2830 370 2906 hominum
397 2831 504 2906 salus
537 2836 577 2906 et
611 2829 833 2905 Christiana
861 2829 1038 2905 educatio
1068 2838 1401 2929 promoverentur.

169 2947 298 3046 (Conc.
319 2946 436 3022 Prov,
455 2947 558 3022 Balt.
578 2947 644 3040 X,
662 2972 701 3023 n.
717 2948 771 3039 5.)
827 2945 991 3021 Patrum
1013 2947 1171 3022 hortatu
1193 2947 1403 3023 nonnullae

164 3062 347 3140 ccclesiae
369 3070 486 3162 atque
509 3063 663 3138 scholae
685 3069 886 3162 separatae
909 3087 981 3160 pro
1006 3062 1142 3162 Nigris
1164 3071 1404 3140 constructae

163 3181 344 3272 fuerunt;
378 3179 420 3254 in
446 3179 535 3255 aliis
560 3204 652 3253 vero
678 3178 848 3254 ecclesiis
873 3179 980 3253 locus
1005 3178 1235 3277 providetur
1259 3178 1301 3253 in
1327 3204 1403 3278 quo

165 3321 302 3372 omnes
335 3295 403 3394 qui
429 3294 569 3371 volunt
598 3295 740 3370 missae
769 3293 953 3369 sacrificio
989 3298 1144 3370 adstare
1173 3303 1338 3393 possunt
1365 3303 1405 3371 et

164 3412 360 3489 elementa
390 3411 633 3487 Christianae
662 3410 860 3487 doctrinae
890 3410 1109 3504 addiscere;
1138 3411 1301 3509 jamque
1326 3411 1403 3487 'viri

165 3528 368 3627 apostolici
386 3528 556 3603 maximo
573 3553 662 3603 cum
679 3530 808 3602 fructu
828 3527 1010 3602 laborant
1032 3527 1073 3602 in
1096 3528 1292 3626 aliquibus
1310 3527 1404 3604 locis

165 3644 234 3722 ubi
251 3644 359 3743 viget
375 3644 585 3719 multitudo
605 3644 829 3743 Nigrorum.

120 3822 129 3839 .
216 3761 303 3837 238.
347 3760 544 3859 Injustum
578 3767 689 3867 esset
714 3760 777 3835 hic
812 3768 939 3836 tacere
968 3759 1120 3835 labores
1152 3761 1258 3834 omni
1289 3762 1404 3837 laude

165 3877 306 3977 dignos
348 3903 373 3952 a
414 3876 670 3952 missionariis
718 3877 862 3951 nostris
908 3884 1106 3974 susceptos
1152 3902 1223 3976 pro
1269 3877 1404 3975 Nigris

164 4002 342 4093 tempore
367 4018 443 4093 quo
468 3991 572 4068 servi
601 4001 715 4068 erant
743 3999 783 4069 et
811 3999 1018 4091 postquam
1048 3993 1210 4067 fuerunt
1238 3993 1403 4068 emanci-

165 4109 270 4210 pati3
297 4117 340 4184 at
356 4135 445 4185 cum
463 4109 702 4208 experientia
722 4116 873 4184 constet
888 4109 1053 4183 salutem
1079 4117 1119 4183 et
1141 4108 1403 4184 Christianam

166 4250 303 4301 eorum
328 4225 597 4301 educationem
621 4224 825 4300 efficaciter
849 4224 1049 4323 procurari
1076 4250 1153 4298 non
1180 4251 1304 4322 posse,
1328 4225 1404 4300 nisi

168 4340 429 4435 missionibus,
453 4341 717 4417 catechesibus
742 4366 786 4416 ac
810 4341 948 4416 ceteris
973 4340 1166 4416 exercitiis
1192 4340 1403 4438 spirituali·

170 4458 240 4533 bus
268 4483 404 4533 eorum
431 4456 563 4555 captui
593 4457 793 4556 indolique
823 4456 1133 4548 accommodatis,
1163 4456 1404 4532 decernimus

168 4581 212 4650 ut
224 4573 409 4673 Episcopi
427 4573 657 4649 erectionem
675 4572 933 4666 ecclesiarum,
947 4573 1179 4664 scholarum,
1198 4574 1403 4647 domorum
