3142 5242
152 468 214 530 138
347 479 769 527 rrrouusvrrr.-1>s
798 480 904 525 zano
932 480 1188 527 amuranus.

151 637 227 737 ipsi
253 637 395 736 spiritu
421 637 536 729 ducti,
563 636 625 710 lris
652 635 806 710 Nostris
833 636 995 711 decretis
1020 636 1241 729 statuimus,
1267 660 1388 735 supra

152 761 367 830 memorata
396 752 600 828 Pontificia
630 753 782 827 decreta
811 759 946 827 contra
970 778 1105 828 omnes
1130 753 1333 828 societates
1364 777 1387 826 a

151 872 189 946 S.
207 872 325 946 Sedes
345 872 551 945 damnatas
575 894 664 944 cum
690 894 760 943 suo
783 868 899 966 pleno
917 868 1051 966 vigore
1069 868 1185 966 juxta
1208 876 1385 945 tenorem

152 987 448 1062 Constitutionis
474 987 704 1086 Apostolicoa
733 986 835 1060 Sedis
863 992 904 1060 et
931 993 1101 1060 mentem
1132 986 1385 1061 Summarum

152 1103 397 1195 Pontificum,
432 1110 590 1205 strenue
623 1127 707 1177 esse
749 1101 979 1177 inculcanda
1019 1110 1134 1201 atque
1170 1101 1385 1178 executioni

115 1241 118 1246 ·
151 1222 385 1295 mandanda.
443 1218 560 1317 (Vide
587 1219 705 1294 Instr.
723 1219 761 1295 S.
780 1218 822 1294 0.
842 1218 915 1292 hoc
940 1244 1042 1293 anno
1068 1219 1256 1317 editam.¹)

201 1339 286 1413 246.
323 1337 458 1435 Neque
493 1337 543 1410 ad
576 1335 667 1409 illas
700 1341 854 1410 tantum
889 1335 1099 1430 societates,
1131 1361 1230 1435 quae
1264 1335 1384 1412 veluti

152 1463 256 1531 secta
285 1453 507 1529 Massonica
541 1458 610 1528 aut
639 1451 877 1526 Carbonaria
910 1451 1141 1527 nominatim
1177 1453 1384 1528 damnatae
1416 1493 1421 1501 ·

151 1569 416 1661 inveniuntur,
451 1569 703 1643 coarctandae
741 1573 835 1643 sunt
867 1567 1145 1644 declarationes
1178 1569 1217 1643 S.
1253 1569 1382 1659 Sedis,

151 1711 288 1763 verum
314 1685 433 1761 etiam
459 1687 510 1760 ad
535 1684 625 1759 illas
642 1709 794 1783 quoque
820 1710 861 1760 so
884 1686 1089 1760 extendere
1114 1684 1384 1785 intelligantur

152 1828 305 1879 necesse
344 1809 405 1877 est
445 1827 555 1901 quae,
590 1801 748 1876 nomine
782 1801 1034 1901 quantumvis
1077 1802 1232 1894 omisso,
1268 1801 1310 1878 in
1344 1827 1383 1877 re

151 1928 282 1995 tamen
317 1918 492 2017 ejusdem
527 1923 620 1993 sunt
660 1917 813 2015 generis
851 1942 895 1992 ac
929 1917 1151 1993 Massonica
1192 1926 1262 1994 aut
1296 1919 1383 1994 Car·

150 2035 322 2111 bonaria.
392 2033 572 2108 “Variae
602 2041 696 2108 sunt
724 2032 928 2108 hominum
959 2041 1094 2126 sectae,
1121 2060 1220 2134 quae
1251 2061 1382 2135 quam·

151 2178 268 2252 quam
286 2151 455 2242 nomine,
473 2150 564 2243 ritu,
581 2151 719 2241 forma,
734 2149 883 2248 origine
900 2150 1133 2244 differentes,
1147 2175 1237 2226 cum
1254 2160 1383 2227 tamen

150 2268 422 2344 communione
452 2267 621 2366 quadam
651 2266 852 2365 propositi,
881 2292 1200 2366 summorumque
1234 2276 1382 2343 senten·

149 2383 293 2460 tiarum
319 2381 577 2458 similitudine
603 2381 707 2457 inter
726 2406 768 2457 se
793 2382 1074 2474 contineantur,
1098 2407 1141 2458 ro
1167 2393 1385 2483 congruunt

150 2527 237 2576 cum
263 2508 367 2575 secta
392 2499 635 2590 Massonnm‚
656 2524 755 2596 quae
784 2498 987 2596 cujusdam
1013 2505 1072 2575 est
1096 2498 1223 2575 instar
1252 2501 1383 2592 centri,

151 2620 253 2693 unde
284 2619 428 2692 abeunt
453 2623 493 2691 et
518 2639 595 2714 quo
625 2615 790 2689 redeunt
813 2614 1053 2691 universae.''
1110 2614 1199 2715 (Oit.
1227 2616 1383 2716 Encycl.

151 2736 360 2810 Humanum
381 2734 527 2832 Genus.)

199 2851 284 2928 247.
320 2848 493 2939 Quodsi
520 2849 683 2925 dubium
709 2849 916 2942 exoriatur,
941 2875 991 2925 an
1018 2850 1149 2948 aliqua
1174 2850 1386 2927 societasa

150 2968 186 3043 S.
211 2968 309 3041 Sede
335 2968 520 3041 damnata
545 2965 696 3054 existat,
718 2965 956 3064 praecisione
982 2966 1083 3040 facta
1108 2968 1225 3041 modo
1252 2992 1276 3041 a
1301 2992 1384 3042 cen·

150 3083 261 3176 suris,
288 3086 337 3158 de
370 3082 510 3180 quibus
544 3081 658 3186 infra,
689 3081 948 3179 applicatione
982 3081 1210 3157 alterutrius
1245 3083 1385 3158 horum

143 3184 430 3297 'principiorum
449 3198 524 3273 erit
538 3198 825 3289 resolvendum,
843 3223 893 3272 an
912 3198 1051 3272 saltem
1070 3197 1122 3273 sit
1138 3198 1273 3274 vetita.

199 3315 239 3390 Si
257 3340 397 3412 nempe
411 3314 601 3412 ejusmodi
615 3313 776 3388 societas
789 3322 858 3388 ant
875 3314 930 3388 ita
943 3322 1133 3389 secretum
1147 3319 1385 3392 servandum

148 3433 337 3530 injungat,
357 3438 401 3505 ut
418 3455 542 3528 neque
565 3429 786 3505 auctoritati
813 3430 1007 3506 Ecclesiae
1023 3430 1125 3506 illud
1143 3432 1385 3508 manifestari

148 3549 273 3642 sinat;
318 3555 387 3622 aut
423 3546 456 3621 si
489 3547 768 3645 jusjurandum
802 3547 865 3622 vel
909 3546 1209 3645 promissionem
1253 3573 1386 3625 caecae

148 3666 421 3762 absolutaeque
447 3662 688 3737 obedientiae
714 3662 854 3761 exigat,
876 3689 933 3757 ea,
957 3663 1241 3762 proscindendo
1267 3666 1385 3741 etiam

148 3808 171 3856 a
195 3781 378 3872 censuris
395 3781 500 3854 inter
525 3779 665 3853 vetitas
690 3779 766 3853 erit
790 3782 1035 3873 recensenda,
1054 3787 1170 3878 atque
1197 3781 1385 3881 adscripti

148 3898 390 3973 absolutione
415 3894 686 3970 sacramentali
713 3896 908 3993 privandi,
927 3899 1050 3971 donee
1074 3896 1214 3972 effectu
1230 3897 1319 3996 ipso
1336 3899 1385 3974 ab

147 4042 193 4089 ea
218 4014 374 4113 penitus
403 4013 596 4103 recedant,
623 4012 686 4085 vel
715 4013 853 4086 saltem
884 4038 926 4087 se
955 4012 1137 4088 continuo
1167 4038 1386 4090 recessuros

148 4132 247 4205 serio
273 4129 517 4228 promittant.
570 4128 623 4201 Et
640 4129 824 4227 quoniam
844 4128 1049 4227 Episcopis
1066 4155 1144 4204 non
1163 4131 1293 4207 solum
1306 4132 1383 4230 jus,

148 4249 214 4322 sed
245 4247 363 4320 etiam
394 4244 560 4318 officium
594 4243 818 4342 inquirendi
847 4245 1036 4339 inhaeret,
1062 4246 1192 4320 omnis
1222 4247 1385 4321 societas
1471 4332 1474 4338 ¹

147 4389 244 4462 quae
263 4361 469 4437 Ordinario
496 4359 752 4458 interroganti
779 4352 969 4436 s'ecretum
994 4361 1162 4437 revelari
1180 4388 1260 4437 non
1279 4362 1383 4454 sinit,

148 4479 222 4577 ipsi
258 4476 477 4553 auctoritati
519 4475 713 4549 Ecclesiae
750 4476 792 4551 id
834 4501 1011 4574 recusare
1039 4477 1305 4575 judicabitur3
1348 4485 1386 4553 et

181 4645 230 4696 ¹ln
243 4645 394 4712 Appendice,
407 4661 432 4711 p.
445 4647 502 4696 282.
