3142 5242
166 466 229 529 152
315 481 498 529 'l'l'l'ULUS
527 480 702 528 lx.—na
731 480 857 527 BONIS
887 480 1255 559 Eccnnslns'rlcrs.

164 638 376 737 “Denique
415 637 457 713 in
491 646 573 715 toto
607 637 679 713 hoe
712 636 988 737 temporalium
1021 637 1212 713 bonorum
1248 658 1397 736 genere,

163 755 268 854 qnod
293 754 467 853 profanis
493 754 626 831 usibus
653 763 875 854 exemptum
901 760 941 830 et
965 753 1017 830 ad
1041 753 1223 830 divinum
1250 753 1396 830 cultum

163 869 375 969 sepositum
415 879 485 964 est,
516 896 595 948 non
631 878 759 970 potest
796 869 970 946 Ecclesia
1007 870 1133 946 ullum
1168 869 1394 970 cujusquam

163 986 428 1062 interventum
461 987 679 1081 admittere,
713 986 781 1088 qui
820 1012 897 1062 nou
929 1011 977 1063 ex
1008 985 1134 1086 ipsius
1169 984 1395 1063 auctoritate

163 1105 341 1202 pendeat.
420 1102 551 1202 Hujus
594 1111 724 1179 autem
768 1102 1008 1179 auctoritatis
1046 1101 1216 1178 vicarius
1260 1108 1322 1179 est
1359 1108 1395 1177 et

163 1218 355 1317 interpres
381 1245 452 1318 pro
479 1245 550 1295 sua
575 1219 739 1294 dioecesi
766 1218 1018 1318 Episcopus.”
1074 1218 1204 1317 (Cone.
1227 1218 1339 1294 Plan.
1363 1216 1393 1293 I.

163 1334 319 1410 Literae
347 1334 598 1435 Pastoralcs.)

622 1776 833 1851 CAPUT
872 1777 944 1853 ΙΙ.

480 1961 545 2036 Da
572 1960 860 2035 Errscoronuu
887 1960 1080 2036 Orrrcrrs.

213 2148 299 2223 266.
343 2143 644 2242 “Praecipimus
679 2150 721 2218 ut
754 2142 796 2219 in
836 2149 1027 2243 potestate
1068 2168 1140 2220 sua
1181 2141 1396 2245 Episcopus

164 2261 359 2338 Ecclesiae
383 2286 446 2335 res
470 2260 622 2335 habeat.
675 2258 716 2334 Si
733 2259 839 2335 enim
856 2258 1010 2335 animae
1033 2258 1240 2336 hominum
1256 2259 1395 2360 pretio·

162 2379 284 2455 siores
309 2376 370 2452 illi
395 2382 488 2451 sunt
503 2377 682 2470 creditae,
702 2375 825 2450 multo
843 2375 969 2474 magis
985 2382 1140 2474 oportet
1155 2400 1247 2451 eum
1264 2400 1396 2452 euram

162 2494 414 2595 pecuniarum
448 2517 593 2592 gerere,
620 2492 677 2569 ita
711 2499 758 2567 ut
789 2498 981 2591 potestate
1013 2490 1099 2590 ejus
1131 2490 1397 2592 indigentibus

162 2610 296 2686 omnia
321 2610 595 2707 dispensentur
620 2634 691 2708 per
715 2608 962 2708 presbyteros
978 2614 1019 2683 et
1034 2606 1229 2703 diaconos,
1246 2616 1288 2685 et
1311 2634 1397 2685 cnm

164 2726 237 2803 Dei
254 2728 395 2802 timore
413 2733 452 2800 et
471 2725 733 2800 sollieitudine
758 2722 1064 2800 ministrentur.''
1120 2724 1271 2822 (Canon
1294 2729 1396 2826 Apo·

163 2843 322 2919 atolieus
339 2845 417 2939 41.)

214 2961 274 3037 Ob
308 2985 463 3034 summa
496 2959 668 3057 pericula
701 2959 841 3057 quibus
882 2959 985 3033 bona
1018 2959 1252 3057 temporalia
1286 2984 1399 3061 saepe

164 3077 398 3174 objiciuntur
427 3077 582 3174 quando
618 3073 803 3173 Episcopi
836 3099 882 3149 ea
915 3077 1125 3150 secundum
1159 3077 1400 3176 praescripta

165 3191 358 3267 Ecclesiae
393 3197 559 3266 tractare
592 3190 859 3289 prohibentur,
895 3215 1141 3289 summopere
1184 3191 1399 3291 lugendum

163 3317 233 3401 est,
260 3309 364 3407 quod
389 3307 431 3382 in
457 3307 592 3381 multis
622 3307 802 3381 Statuum
837 3306 1140 3382 Foederatorum
1174 3308 1399 3408 regionibus

162 3425 269 3523 leges
294 3424 429 3499 civiles
453 3423 554 3498 eirca
578 3424 770 3498 bonorum
803 3422 1079 3522 temporalium
1112 3425 1400 3523 possessiouem

163 3548 203 3618 et
228 3539 607 3616 administrationem
632 3538 682 3613 iis
708 3539 885 3614 nitantur
910 3538 1123 3637 principiis,
1140 3565 1242 3640 quae
1259 3543 1399 3620 admit·

162 3665 245 3734 tere
275 3655 449 3731 Ecclesia
482 3681 560 3730 non
594 3663 732 3754 potest,
760 3655 836 3730 nisi
862 3657 911 3730 ab
936 3681 982 3731 eo
1006 3655 1187 3732 instituto
1212 3657 1400 3755 discedat,

163 3775 267 3874 quod
293 3781 479 3871 perpetuo
504 3773 694 3847 tenuiter
711 3798 787 3872 quo
804 3772 977 3871 primum
994 3772 1116 3848 libera
1133 3773 1326 3873 religione
1343 3776 1400 3853 uti

163 3890 299 3988 coepit.
366 3890 494 3988 (Cone.
530 3888 640 3965 Pleu.
676 3890 779 3964 Balt.
815 3889 884 3983 ΙΙ.,
919 3889 944 3964 l.
980 3892 1027 3986 c.)
1088 3890 1233 3967 “Haec
1268 3901 1400 3970 autem

164 4006 281 4105 plena
305 4006 465 4080 libertas
491 4011 584 4079 tunc
609 4013 762 4081 tantum
789 4005 952 4081 existere
978 4005 1054 4080 diei
1079 4015 1211 4105 posset
1235 4007 1271 4083 si
1295 4010 1400 4109 leges

164 4129 204 4197 et
237 4121 477 4220 provisiones
510 4122 559 4196 ab
589 4121 675 4220 ipsa
709 4121 882 4196 Ecclesia
910 4123 1032 4234 sactae
1060 4122 1102 4197 in
1132 4124 1216 4198 foro
1246 4151 1401 4226 quoque

164 4237 270 4313 civili
304 4239 432 4336 quoad
464 4238 558 4312 haec
592 4238 901 4331 admitterentur,
931 4238 1056 4337 iisque
1089 4240 1161 4314 hoc
1195 4244 1314 4317 modo
1340 4242 1400 4317 vis

165 4353 291 4428 civilis
308 4354 553 4429 tribueretur.
582 4357 602 4399 ²³³
626 4356 647 4400 ’¹‘
671 4356 693 4400 *
718 4355 815 4430 Cum
836 4362 966 4429 autem
984 4355 1054 4431 illa
1070 4356 1201 4455 legum
1220 4364 1259 4433 et
1275 4358 1397 4434 tribu·

166 4469 314 4544 nalium
340 4469 683 4546 ecelesiasticorum
709 4470 855 4569 agnitio
886 4469 927 4546 in
956 4472 1128 4548 Statibus
1162 4473 1398 4572 quibusdam

167 4585 338 4658 nondum
381 4585 531 4679 existat,
567 4587 756 4662 Nostrum
791 4593 851 4661 est
883 4586 939 4662 ita
972 4612 1034 4664 res
1075 4613 1321 4688 componere,
1354 4597 1400 4667 ut
