3142 5242
539 444 593 489 ns
623 444 783 492 uus1cn
812 445 965 492 snosn.
1330 429 1371 492 59

134 599 350 692 fraudatur,
367 600 548 699 fidesque,
567 625 656 675 cum
684 601 846 675 verbum
873 600 1050 676 divinum
1063 601 1148 699 jam
1166 625 1244 676 non
1263 598 1369 675 audi·

135 722 235 810 atur,
260 715 364 815 perit
389 716 577 811 funditus,
604 716 695 792 hino
721 717 910 793 effrenata
934 717 1127 816 cupiditas
1152 722 1193 792 et
1216 741 1371 791 morum
1453 711 1455 714 ⁴

133 832 365 931 corruptela,
395 858 473 933 qua
506 832 548 908 in
583 832 666 910 dies
695 841 899 933 grassante
931 833 1125 910 societatis
1154 832 1370 931 religiosae,

134 947 261 1023 civilis
278 955 318 1024 et
334 949 569 1025 domesticae
581 949 738 1026 vincula
754 949 1060 1026 dissolvuntur.”
1107 949 1162 1025 Et
1185 948 1371 1049 quoniam

134 1089 211 1139 non
228 1065 272 1140 id
288 1067 416 1140 solum
433 1069 539 1166 quod
560 1073 664 1142 certo
685 1067 833 1141 malum
850 1073 921 1159 est,
939 1067 1008 1142 sed
1025 1074 1064 1142 et
1081 1067 1186 1166 quod
1203 1065 1370 1164 speciem

134 1181 252 1256 habet
267 1181 374 1275 mali,
392 1207 436 1257 ac
453 1182 578 1281 magis
595 1184 732 1277 adhuc,
746 1184 851 1283 quod
868 1185 919 1258 ad
937 1183 1085 1258 malum
1103 1185 1243 1258 ducere
1260 1182 1369 1276 solet,

133 1321 157 1372 a
173 1297 395 1373 Christiano
413 1298 572 1374 homine
592 1300 728 1375 sedulo
745 1298 864 1375 vitari
880 1302 1001 1393 decet,
1019 1324 1204 1398 generose
1228 1323 1369 1374 renun-

132 1411 232 1489 tient
256 1414 447 1490 Catholici
473 1414 595 1491 nostri
626 1415 928 1492 recreationibus
962 1416 1142 1492 omnibus
1168 1422 1210 1491 et
1234 1440 1369 1490 avoca·

74 1561 77 1564 ⁴
133 1531 286 1626 mentis,
302 1557 402 1631 quae
427 1531 624 1607 sanctitati
641 1531 719 1608 diei
737 1532 900 1608 Domini
916 1533 1048 1607 minus
1071 1539 1292 1631 congruunt
1306 1531 1370 1607 vel

133 1647 250 1723 etiam
276 1656 414 1747 sponte
439 1674 512 1723 sua
535 1651 684 1724 ducunt
699 1649 752 1724 ad
767 1649 1115 1747 transgressionem
1139 1649 1271 1748 legum
1288 1647 1371 1723 sive

133 1762 357 1840 divinarum
374 1763 457 1840 sive
474 1765 749 1840 humanarum.
801 1764 912 1839 Inter
928 1764 1154 1867 hujusmodi
1171 1789 1369 1840 summum

131 1887 233 1956 certe
259 1881 386 1955 locum
412 1888 575 1979 occupat
596 1879 833 1980 popinarum
850 1905 920 1957 seu
937 1906 1201 1979 cauponarum
1218 1881 1291 1956 hac
1307 1879 1371 1957 die

130 1997 459 2091 commercium,a
483 2023 558 2097 quo
592 1997 634 2071 in
669 1997 900 2095 religionem
925 2022 969 2072 ao
994 1997 1215 2073 societatem
1241 2004 1300 2073 tot
1327 2020 1372 2073 ao

130 2119 240 2188 tanta
257 2113 475 2189 scaturiunt
497 2117 651 2189 damna.
705 2111 872 2188 Naviter
888 2139 981 2212 ergo
999 2114 1179 2189 laborent
1194 2121 1370 2213 pastores

131 2236 367 2329 utanturque
392 2230 684 2323 monitionibus,
710 2229 1052 2322 obsecrationibus,
1079 2229 1198 2306 minis
1223 2229 1303 2304 imo
1328 2237 1369 2304 et

130 2345 277 2446 poenis,
303 2345 370 2422 ubi
406 2371 559 2422 necesse
588 2345 717 2439 fuerit,
743 2347 795 2422 ad
824 2345 975 2421 malum
1001 2346 1073 2421 hoc
1097 2346 1368 2440 evellendum3

131 2470 246 2562 atque
274 2463 329 2538 sio
355 2488 428 2562 pro
455 2471 567 2562 parte
594 2488 665 2537 sua
690 2461 843 2560 juvent,
872 2469 917 2538 ut
943 2463 1120 2538 deleatur
1148 2461 1262 2538 unica
1288 2463 1369 2538 fere

130 2579 293 2673 macula,
311 2605 410 2678 quae
434 2578 538 2655 inter
563 2603 633 2653 nos
659 2578 785 2677 magis
810 2578 1013 2678 magisque
1038 2577 1115 2654 diei
1142 2577 1368 2654 Dominioae

131 2695 379 2793 splendorem
397 2696 587 2771 obscurat.

579 3085 797 3160 CAPUT
828 3085 916 3159 IV.

544 3250 608 3324 Dn
634 3250 797 3325 Mos1cn
822 3251 970 3326 sicas.

181 3417 266 3493 114.
302 3417 351 3492 In
377 3441 576 3492 sacrorum
601 3415 749 3490 rituum
783 3416 1041 3492 celebratione
1066 3425 1107 3493 et
1134 3417 1368 3516 praesertim

130 3530 172 3607 in
198 3531 373 3608 sacrificii
395 3532 537 3608 missae
557 3532 752 3607 oblatione
772 3532 950 3626 solemni,
969 3532 1143 3608 Ecclesia
1165 3535 1216 3609 ab
1242 3541 1368 3610 aetate

131 3649 360 3748 Apostolica
384 3675 506 3749 usque
532 3651 582 3724 ad
608 3673 680 3724 nos
706 3674 776 3724 usa
792 3656 853 3724 est
869 3650 1134 3724 modulatione
1159 3650 1308 3725 musica
1325 3656 1369 3726 ut

132 3765 290 3841 affectus
303 3765 507 3841 hominum
521 3765 662 3840 melius
675 3773 904 3864 provocaret
919 3765 961 3839 in
981 3765 1120 3859 Deum,
1134 3774 1175 3841 et
1190 3766 1367 3865 magnifi-

131 3882 279 3958 centius
306 3881 434 3958 Deum
459 3882 612 3958 coleret.
664 3881 836 3976 Etenim,
854 3888 899 3957 ut
923 3881 962 3956 S.
985 3881 1156 3957 Joannes
1182 3881 1367 3983 Ohrysos·

131 4005 260 4075 tomus
294 3998 583 4093 animadvertit,
614 3998 671 4098 (in
698 3999 763 4074 Ps.
786 4000 849 4074 41.
871 4024 907 4075 n.
933 4001 984 4098 1.)
1025 3998 1159 4073 “nihil
1193 3999 1368 4074 animam

131 4141 251 4215 aeque
267 4115 393 4216 erigit,
406 4117 626 4216 elatamque
642 4116 929 4215 quodammodo
947 4114 1072 4208 efficit,
1090 4123 1207 4214 atque
1223 4140 1248 4191 a
1264 4122 1369 4191 terra

132 4231 341 4326 liberatae
356 4232 522 4309 exsolvit
539 4260 563 4308 a
579 4231 747 4307 vinculis
760 4231 935 4330 corporis
952 4237 991 4306 et
1008 4257 1141 4307 amore
1154 4231 1369 4330 sapientiae

132 4350 257 4442 afficit,
275 4357 316 4425 et
330 4349 481 4449 perficit
498 4358 619 4425 utres
643 4374 779 4424 omnes
796 4350 846 4423 ad
864 4348 964 4423 hanc
980 4347 1103 4422 vitam
1128 4348 1368 4447 pertinentes

131 4466 301 4558 irrideat,
319 4466 419 4542 sicut
443 4463 719 4541 modulationis
745 4472 881 4539 cantus
908 4471 947 4539 et
971 4463 1150 4539 divinum
1176 4464 1368 4539 canticum

132 4607 292 4658 numero
310 4581 603 4680 compositum.’'
