3142 5242
596 952 942 1058 TITULUS
988 951 1087 1055 IV.

638 1192 701 1296 De
738 1190 1050 1297 decrementis.

696 1587 914 1662 CAPUT
938 1572 987 1661 ¹I.

296 1835 303 1852 .
434 1770 498 1844 Du
524 1770 790 1844 Barnsmm
817 1768 1251 1844 Nnc-Convensosun.

274 1938 358 2011 120.
389 1935 566 2033 Vestigia
582 1942 803 2034 prementes
821 1935 982 2010 Concilii
1007 1935 1180 2010 Plenarii
1197 1935 1459 2010 antecedentis

226 2051 280 2151 (N
283 2079 316 2127 0.
360 2053 449 2150 240)
496 2051 750 2127 attentionem
795 2053 1038 2127 sacerdotum
1086 2076 1193 2127 sacro
1240 2051 1460 2127 ministerio

221 2167 529 2244 incumbentium
564 2169 692 2244 denuo
723 2167 929 2243 excitatam
954 2167 1136 2243 volumus
1165 2167 1268 2243 circa
1297 2169 1460 2244 modum

220 2283 432 2382 recipiendi
449 2308 526 2376 eos,
544 2282 611 2382 qui
634 2283 763 2382 gratia
779 2283 915 2358 divina
932 2283 1028 2359 moti
1052 2309 1074 2359 e
1091 2283 1204 2359 sectis
1221 2282 1461 2383 quibuslibet

221 2401 334 2476 unico
360 2399 506 2475 Christi
535 2398 630 2475 ovili
661 2398 901 2499 incorporari
931 2400 1143 2500 postulant.
1213 2398 1327 2476 Nihil
1354 2399 1459 2476 enim

221 2542 299 2592 non
324 2518 541 2592 curandum
566 2523 626 2592 est
652 2524 697 2592 ut
721 2541 829 2591 sacro
855 2515 1071 2615 Baptismo,
1093 2518 1189 2592 adeo
1215 2517 1267 2592 ad
1292 2515 1460 2592 salutem

220 2631 445 2726 necessario,
472 2631 505 2706 si
536 2632 618 2731 ejus
649 2633 869 2708 charactere
897 2634 1071 2708 nondum
1096 2631 1242 2709 fuerint
1266 2630 1474 2731 insigniti,

219 2749 432 2824 certissime
449 2748 689 2847 sigillentur;
715 2748 915 2824 sedetiam
931 2749 1102 2823 maxima
1117 2748 1307 2847 religione
1320 2773 1457 2825 caven·

219 2867 314 2941 dum
344 2890 393 2939 ne
423 2866 721 2940 Sacramentum
745 2863 852 2940 istud
882 2890 1041 2963 prorsus
1066 2863 1286 2940 initerabile
1311 2871 1459 2941 temero

218 2988 438 3056 renovetur.

269 3100 353 3172 121.
406 3098 623 3197 Tantcpere
665 3097 810 3173 scilicet
852 3098 1052 3174 exhorruit
1090 3098 1265 3174 Ecclesia
1303 3124 1459 3198 semper

218 3238 388 3288 errorem
418 3213 745 3311 rebaptizantium
780 3221 902 3290 utne
936 3216 1009 3289 sub
1042 3214 1263 3303 conditione
1298 3214 1459 3314 quidem

218 3328 467 3426 Baptismum
510 3329 644 3404 iterari
685 3329 898 3428 permittat,
939 3330 1015 3405 nisi
1057 3332 1212 3429 quando
1255 3331 1458 3429 probabile

217 3445 381 3521 dubium
407 3447 517 3519 adest
546 3454 832 3520 sacramentum
862 3446 935 3521 hoc
964 3454 1080 3522 antea
1104 3446 1167 3521 vel
1198 3447 1309 3521 nullo
1340 3448 1457 3522 modo

217 3561 280 3637 vel
305 3561 479 3636 invalide
504 3562 623 3636 fuisse
646 3569 878 3659 susceptum.
932 3562 1189 3661 Culpabiliter
1215 3569 1285 3638 aut
1309 3569 1458 3638 temere

217 3677 399 3776 dignitati
423 3676 654 3752 sacramenti
679 3677 796 3775 hujus
819 3677 874 3752 sic
898 3680 1127 3777 derogantes
1151 3678 1283 3777 gravis
1310 3679 1457 3778 peccati

216 3802 327 3869 reatu
347 3793 461 3891 juxta
478 3819 611 3868 omnes
629 3819 670 3867 se
687 3793 880 3868 irretiunt.

267 3912 351 3984 122.
379 3909 438 3983 Ut
454 3934 525 3983 sua
541 3907 661 4007 igitur
679 3908 883 4006 Baptismo
901 3911 1032 3986 debita
1049 3920 1226 3987 servetur
1245 3912 1454 4004 veneratin,

216 4031 331 4123 atque
354 4050 472 4123 quam
496 4024 722 4122 longissime
745 4025 848 4099 absit
866 4026 929 4100 vel
954 4027 1037 4102 sola
1059 4027 1292 4126 apparentia
1313 4027 1454 4126 repeti·

215 4140 333 4214 tionis
356 4140 439 4236 ejus
461 4139 700 4237 illegitimae,
720 4140 909 4239 praecipit
929 4142 1103 4218 Ecclesia
1125 4150 1170 4218 ut
1193 4145 1350 4242 quando
1368 4143 1455 4243 quis

216 4256 266 4330 ab
299 4279 429 4330 errore
467 4257 518 4329 ad
555 4256 672 4329 fidem
710 4256 959 4350 convertitur,
994 4284 1150 4358 semper
1182 4259 1353 4357 diligens
1386 4260 1455 4334 fiat

215 4369 463 4468 investigatio
487 4395 582 4445 num
606 4378 721 4445 antea
742 4372 874 4446 forsan
897 4373 1117 4471 baptizatus
1134 4374 1263 4469 fuerit,
1282 4399 1455 4474 numque

215 4484 369 4559 validus
394 4485 512 4559 fuerit
538 4486 765 4582 Baptismus
793 4486 833 4560 in
864 4488 1015 4565 haeresi
1040 4499 1254 4589 susceptus.
1316 4491 1454 4590 Neque

348 4605 388 4665 62
