3142 5242
575 491 630 536 ns
658 491 985 539 sociararraus.
1338 477 1398 540 147

165 654 325 746 “neque
355 646 545 721 ebriosi*
571 649 592 692 ’¹‘
618 672 781 746 regnum
812 647 886 722 Dei
914 647 1169 747 possidebunt
1180 647 1201 682 ''
1237 648 1280 746 (1.
1311 648 1396 723 Cor.

164 785 221 838 vr.
242 764 331 861 10);
355 770 543 851 ⁸revocent
567 762 608 837 in
635 771 807 839 mentem
834 764 1000 838 aliorum
1026 762 1094 863 qui
1114 762 1340 839 existimant
1358 789 1398 840 se

164 887 278 971 stare,
299 879 420 953 verba
440 878 556 954 Ecoli.
577 901 639 955 111.
657 881 728 956 27:
758 879 859 979 “qui
885 887 990 955 amat
1016 879 1231 979 periculum
1256 879 1399 980 peribit

164 995 206 1070 in
223 994 329 1071 illo.”
383 995 589 1070 Praeterea
605 1021 725 1094 quum
743 997 864 1072 verba
880 1002 1065 1071 moveant
1088 1002 1254 1090 tantum,
1272 1020 1397 1072 exem·

164 1112 232 1211 pla
248 1136 341 1186 vero
364 1111 536 1204 trahant,
554 1114 772 1187 sacerdotes
793 1112 954 1211 ipsimet
976 1112 1055 1212 qui,
1074 1121 1256 1188 monente
1273 1114 1398 1212 Apos-

164 1227 256 1321 tolo,
275 1229 417 1303 debent
441 1252 525 1302 esse
549 1228 677 1302 forma
701 1227 831 1327 gregis
848 1253 896 1303 ex
915 1227 1058 1321 animo,
1077 1228 1158 1303 sint
1180 1234 1398 1328 temperan-

163 1342 242 1419 tiae
267 1344 426 1419 virtutis
452 1344 640 1442 exempla.

215 1462 300 1536 262.
335 1459 524 1558 Vestigiis
553 1459 799 1537 inhaerentes
830 1462 993 1538 Patrum
1023 1462 1276 1560 Superiorum
1302 1462 1398 1536 Con·
1445 1512 1448 1517 »

164 1576 343 1652 ciliorum
378 1576 736 1671 Baltimorensium,
762 1584 802 1653 et
835 1578 1033 1653 doctrinae
1066 1577 1192 1653 innixi
1222 1577 1400 1654 Doctoris

165 1693 345 1792 Angelici
377 1694 437 1792 (11.
459 1715 503 1770 11.
522 1719 558 1792 q.
578 1695 663 1786 149,
682 1720 716 1770 a.
735 1696 786 1792 3.)
816 1695 1079 1794 approbamus
1102 1700 1141 1769 et
1166 1718 1400 1793 magnopere

164 1812 483 1885 commendamus
509 1809 747 1885 laudabilem
773 1810 948 1909 plurium
966 1836 1129 1904 morem,
1146 1810 1215 1910 qui
1231 1817 1399 1909 tempor·

165 1925 253 2001 ibus
279 1925 423 2001 nostris
448 1927 498 2001 ab
524 1952 598 2002 usu
624 1933 788 2024 potuum
811 1925 1089 2001 inebriantium
1107 1926 1266 2002 omnino
1283 1926 1399 2002 absti-

166 2050 271 2136 nent,
289 2069 365 2141 quo
384 2042 524 2117 vitium
547 2042 873 2142 intemperantiae
897 2042 1068 2118 securius
1091 2050 1299 2136 coerceant,
1317 2043 1400 2120 sive

166 2159 340 2257 ejusdem
376 2158 592 2234 occasiones
627 2185 650 2233 a
684 2158 903 2258 semetipsis
938 2161 1165 2252 amovendo,
1195 2158 1279 2235 sive
1312 2159 1400 2235 aliis

166 2274 325 2350 virtutis
350 2275 632 2373 temperantiae
656 2274 878 2374 exemplum
905 2274 1147 2373 praeclarum
1173 2275 1399 2370 exhibend0,

166 2416 332 2491 quorum
350 2391 476 2466 zelum
495 2393 708 2466 secundum
730 2390 931 2466 scientiam
953 2416 1046 2483 esse,
1060 2390 1221 2490 jamque
1238 2417 1400 2491 magnos

166 2508 313 2581 fructus
337 2507 473 2582 tulisse
501 2532 545 2582 ac
570 2507 737 2605 majores
761 2506 879 2582 etiam
901 2506 944 2582 in
967 2508 1097 2582 futuro
1121 2507 1270 2584 ferendi
1291 2534 1397 2607 spem

166 2624 352 2722 praebere
369 2624 473 2698 ultro
490 2625 670 2699 fatemur.
723 2623 930 2698 Societates
948 2649 1048 2722 quae
1064 2622 1229 2699 veniunt
1245 2623 1401 2700 nomine

167 2746 187 2780 “
196 2738 366 2814 Unionis
379 2739 599 2814 Catholicae
613 2741 663 2814 ad
676 2739 969 2815 Abstinentiam
982 2740 1158 2814 Totalem
1171 2765 1399 2838 promoven·

166 2855 288 2931 dam''
303 2861 343 2930 et
356 2856 523 2929 “Sacrae
540 2855 669 2949 Sitis,”
688 2881 832 2955 magna
848 2856 964 2930 laude
982 2855 1121 2954 dignas
1138 2857 1399 2954 agnoscimus3

166 2970 309 3070 spiritu
330 2970 434 3046 enim
452 2996 543 3046 vere
564 2972 751 3047 catholico
772 2979 972 3070 reguntur,
992 2978 1031 3046 et
1051 2997 1129 3046 non
1151 2978 1232 3047 tam
1253 2971 1296 3047 in
1313 2997 1400 3072 pro·

165 3086 275 3187 priae
293 3087 506 3162 voluntatis
530 3086 715 3163 firmitate
732 3113 850 3187 quam
874 3086 915 3162 in
939 3113 1098 3187 procum
1123 3094 1163 3162 et
1185 3113 1400 3163 sacramen·

165 3211 297 3279 torum
328 3202 472 3278 virtute
503 3203 605 3278 vires
637 3203 871 3278 necessarias
902 3210 1105 3303 quaerunt.
1164 3203 1313 3279 Notum
1343 3212 1402 3280 est

166 3325 367 3419 praeterea
386 3321 489 3418 quod
507 3319 634 3418 Caput
649 3318 769 3395 totius
789 3318 983 3394 Ecclesiae
1000 3326 1040 3394 et
1057 3319 1202 3394 Christi
1225 3319 1266 3395 in
1287 3320 1401 3396 terris

165 3434 347 3510 Vicarius
371 3460 449 3510 non
471 3435 592 3510 semel
619 3438 774 3511 easdem
802 3435 1067 3511 benedictione
1093 3461 1165 3511 sua
1191 3436 1402 3535 apostolica

118 3615 119 3618 ,
166 3559 207 3627 et
228 3551 484 3650 indulgentiis
502 3550 697 3627 Ecclesiae
714 3550 978 3650 locupletavit.
1032 3551 1202 3628 Proinde
1220 3578 1290 3627 nos
1307 3578 1400 3652 quo·

166 3694 242 3768 que
272 3667 411 3743 iisdem
442 3667 554 3766 signa
584 3675 739 3743 nostrae
773 3666 1065 3742 benevolentiae
1095 3668 1331 3761 exhibemus,
1363 3677 1403 3745 et

167 3811 243 3885 quo
268 3784 393 3882 magis
416 3783 582 3858 floreant
604 3809 669 3859 eas
693 3783 869 3858 omnium
894 3790 1114 3858 nostrorum
1138 3786 1401 3860 sacerdotibus

166 3926 280 3976 curae
302 3907 487 3998 paternae
510 3902 838 4002 commendamus,
863 3905 908 3975 ut
930 3899 985 3974 eis
1009 3925 1087 3974 non
1110 3903 1226 3976 modo
1251 3900 1401 3976 animos

167 4019 316 4093 addant
344 4018 413 4091 sed
442 4016 560 4091 etiam
591 4015 770 4091 semitam
801 4015 1029 4091 catholicam
1060 4041 1214 4112 semper
1244 4020 1400 4093 demon·

166 4140 303 4208 strent.

217 4251 303 4326 263.
335 4249 544 4325 Monemus
570 4249 737 4349 denique
762 4256 915 4324 nostros
940 4249 1085 4343 fideles,
1112 4249 1179 4349 qui
1205 4250 1401 4350 liquorum

167 4364 445 4440 inebriantium
488 4372 745 4440 mercaturam
787 4365 934 4441 faciunt
972 4372 1016 4441 ut
1057 4365 1156 4440 serio
1191 4366 1404 4465 recogitent

167 4488 263 4580 quot
280 4481 512 4580 quantisque
534 4481 718 4581 periculis
740 4482 962 4581 peccatique
985 4482 1247 4557 occasionibus
1268 4508 1401 4558 eorum

167 4605 362 4697 quaestus,
390 4597 570 4697 quamvis
601 4596 643 4672 in
674 4622 716 4672 se
745 4622 822 4672 non
853 4597 1023 4691 illicitus,
1052 4597 1104 4673 sit
1132 4597 1401 4677 circumdatus.

302 4716 342 4780 17
