3142 5242
258 466 282 510 E
312 464 754 512 CONGREGA'I'IONIBUS
784 465 992 512 PRIVATIS
1023 464 1269 514 EXCERPTA.
1344 448 1403 516 lXV

165 621 380 687 abstinuimus
394 644 506 709 urgere
520 631 562 705 te,
578 615 783 691 Venerabilis
804 623 928 706 Frater,
944 622 985 687 ad
1000 645 1036 688 ea
1050 622 1192 688 subsidia
1206 623 1402 709 praestanda,

165 749 248 813 quae
262 726 424 813 superiore
438 749 533 810 anno,
547 749 622 791 cum
637 726 759 791 Romae
773 748 863 810 esses,
878 727 1084 791 vehementer
1097 727 1282 813 rogavimus
1296 751 1404 815 prore

166 830 264 895 etiam
289 829 400 917 magni
426 830 591 913 momenti,
613 829 821 916 Propositum
850 829 1060 916 intelligimus
1087 830 1177 917 quod
1204 853 1405 918 summopere

166 933 355 1018 insistimus,
373 935 408 999 in
431 933 614 1000 Catholicae
634 933 795 999 Ecclesiae
812 935 972 1021 gremium
994 933 1137 1000 Orientis
1157 935 1293 1022 populos
1311 958 1404 1001 revo-

165 1038 270 1104 candi.
315 1038 461 1104 Maxime
479 1047 598 1122 autem,
612 1038 662 1103 uti
677 1038 746 1103 Nos
764 1039 968 1122 arbitramur,
982 1038 1024 1103 ad
1039 1039 1127 1109 hunc
1146 1040 1243 1104 finem
1262 1039 1405 1104 conferre

166 1142 285 1230 poterit
307 1142 489 1208 scholarum
512 1142 751 1207 Catholicerum
772 1151 844 1207 tum
866 1141 1147 1229 Constantinopoli
1172 1152 1243 1207 tum
1265 1143 1404 1209 Athenis

166 1246 508 1326 constitutio-Quod
528 1246 557 1311 si
578 1245 643 1311 alia
663 1269 745 1333 quae
764 1255 859 1311 antea
878 1245 1032 1330 diximus
1050 1247 1257 1315 Venerabilis
1279 1246 1403 1329 Frater,

166 1372 259 1414 curas
272 1350 541 1437 cogitationesque
555 1360 627 1415 tuas
637 1350 794 1437 singulari
809 1349 931 1415 ratione
943 1350 985 1416 ad
1000 1373 1033 1415 se
1046 1352 1405 1437 convertunt,cupimus

167 1461 273 1519 tamen
293 1476 312 1518 e
331 1463 388 1518 tua
402 1455 555 1519 memoria
569 1477 610 1535 ne
623 1454 750 1519 excidat
767 1453 905 1519 alterum
924 1453 985 1518 hoc
1004 1453 1046 1519 de
1063 1477 1129 1541 quo
1147 1455 1283 1541 agimus,
1297 1454 1406 1519 animo

145 1610 154 1625 .
167 1567 330 1645 reputans,
350 1558 379 1622 si
399 1580 449 1622 res
463 1557 588 1622 felicem
601 1558 727 1623 exitum
745 1559 789 1623 sit
807 1557 966 1641 habitura,
981 1558 1016 1623 id
1032 1559 1210 1622 maximum
1224 1559 1259 1622 in
1274 1558 1405 1623 modum

167 1659 209 1726 ad
223 1659 288 1726 Dei
302 1661 439 1748 gloriam
454 1669 487 1726 et
506 1660 667 1726 Ecclesiae
680 1660 863 1727 Catholicae
876 1659 973 1726 decus
986 1672 1082 1748 atque
1096 1663 1327 1727 incrementum
1341 1684 1406 1727 esse

168 1788 340 1849 cessurum,
355 1788 458 1852 neque
478 1765 628 1851 exiguam
651 1765 794 1830 futuram
817 1765 945 1830 laudem
966 1775 1039 1830 tuae
1060 1775 1092 1831 et
1113 1766 1280 1831 Ameritae
1301 1766 1407 1852 gentis

168 1867 385 1934 liberalitati.''
429 1870 522 1948 Quae
536 1867 709 1956 Delegatus
724 1869 893 1955 Episcopis
907 1870 1164 1934 communicavit.

267 2044 316 2112 V.
360 2044 419 2110 Dr:
441 2045 633 2110 Coroneus
655 2047 886 2109 Arramoanrs
909 2043 1042 2108 Roma
1064 2062 1110 2108 ac
1136 2044 1307 2111 Lovarru.

213 2182 256 2248 In
284 2182 528 2269 congregatione
557 2181 713 2268 vigesima
740 2204 826 2246 nona
853 2181 991 2267 privata,
1016 2181 1096 2246 lecta
1125 2180 1233 2247 suita
1263 2181 1406 2246 Petrensi

168 2285 281 2352 relatio
302 2285 545 2352 Commissionis
560 2285 793 2371 Episcoporum
808 2283 848 2349 de
863 2285 1009 2372 Collegio
1029 2285 1177 2350 Romano
1197 2286 1389 2351 Americano
1397 2312 1407 2368 3

169 2389 250 2456 lecta
275 2390 353 2455 item
377 2389 490 2454 relatio
515 2388 727 2454 Pro-rectoris
751 2388 892 2474 ejusdem
918 2388 1066 2476 Collegii.
1121 2388 1214 2454 Inter
1238 2389 1406 2476 praesules,

169 2494 287 2582 quibus
309 2501 433 2558 constat
458 2492 650 2559 Commissio
677 2492 814 2578 negotiis
840 2492 977 2579 Collegii
1001 2493 1211 2580 procurandis
1232 2493 1408 2580 (Ereeative

138 2625 144 2637 ’
169 2597 306 2685 Bocrd),
321 2597 451 2683 jamdiu
466 2605 635 2663 vacaverat
655 2595 744 2660 locus
765 2595 877 2662 Rdmi.
900 2596 1013 2662 Jacobi
1037 2595 1198 2662 Frederiei
1214 2596 1332 2679 Wood,
1350 2598 1407 2683 qui

169 2724 188 2768 e
205 2702 295 2769 vivis
315 2700 448 2767 decessit
468 2723 576 2765 mense
597 2700 701 2767 Junio
720 2701 798 2765 anni
821 2719 1097 2768 MucceLxxxm.
1142 2701 1234 2766 Huic
1257 2702 1407 2768 suffectus

169 2815 217 2873 est
231 2805 368 2872 Rdmus,
381 2804 537 2870 Patritius
551 2804 585 2870 J.
600 2804 708 2890 Ryan,
724 2804 990 2892 Archiepisoopus
1006 2804 1304 2892 Philadelphiensis.

214 2909 403 2975 Postulatur
426 2932 447 2974 a
472 2908 617 2973 Petrensi
643 2917 680 2973 ut
704 2909 822 2974 scribat
846 2909 913 2994 ipse
943 2909 1186 2975 Commissionis
1212 2911 1342 2976 nomine
1366 2909 1407 2976 ad

169 3013 319 3080 haeredes
340 3011 451 3077 Rdmi.
468 3011 628 3078 Ludoviei
644 3012 685 3079 E.
701 3011 847 3095 Hostlot‚
861 3013 991 3077 rectoris
1013 3036 1116 3099 nuper
1136 3012 1289 3096 defuncti,
1305 3014 1408 3101 iisque

169 3118 290 3206 gratias
318 3126 393 3204 agat
421 3139 482 3202 pro
509 3138 621 3180 eorum
650 3115 850 3182 liberalitate.
895 3115 996 3195 Quod
1025 3115 1161 3182 libenter
1188 3140 1222 3183 se
1247 3118 1407 3182 iacturum

170 3222 316 3310 spondet.
362 3219 554 3286 Commissio
575 3220 735 3306 significat
755 3243 789 3284 se
809 3219 918 3285 omnia
939 3220 1001 3286 rite
1021 3219 1260 3307 disposituram,
1274 3231 1312 3286 ut
1327 3221 1408 3288 villa

170 3326 313 3413 Cryptae
334 3324 486 3390 Ferratae
506 3332 576 3388 tute
596 3347 633 3388 ao
654 3346 762 3388 secure
781 3324 990 3410 possideatur.
1036 3324 1236 3411 Proponitur
1253 3335 1291 3390 ut
1305 3325 1408 3390 Balti·

170 3430 337 3512 morensis,
366 3451 440 3493 cum
469 3427 537 3513 ipse
565 3427 609 3491 sit
637 3450 745 3493 coram
775 3427 847 3514 lege
878 3451 1016 3514 peremta
1051 3451 1106 3493 seu
1136 3450 1252 3515 corpus
1289 3429 1408 3494 morale

170 3533 393 3624 (ewam
420 3530 504 3619 aa),
533 3555 592 3597 suo
621 3531 893 3598 nominemus
922 3532 1091 3618 possideat.
1145 3532 1297 3598 consum
1324 3533 1407 3598 auus
1502 3517 1504 3521 ’

171 3639 319 3721 Petrum,
334 3647 373 3703 ut
392 3646 457 3702 tres
471 3636 552 3701 alios
575 3635 752 3722 Episcopos
772 3636 965 3702 Commissio
985 3637 1048 3701 sibi
1069 3635 1234 3723 adjungat,
1249 3661 1269 3702 a
1290 3638 1408 3723 quibus

171 3741 277 3825 modo,
292 3750 331 3806 ut
351 3751 478 3824 vorant,
493 3740 637 3805 Tontino
656 3738 712 3827 (oa
725 3740 773 3803 tlte
791 3741 916 3804 Tertiae
931 3739 1026 3828 plan)
1048 3741 1247 3828 possideatur
1268 3740 1351 3806 villa
1372 3742 1407 3805 in

170 3870 267 3913 usum
289 3845 520 3910 Alumnorum.
565 3841 664 3924 Quod
687 3843 757 3910 ΡΡ.
779 3844 910 3930 placuit.
955 3843 1061 3910 Orant
1083 3844 1196 3909 Patres
1216 3843 1406 3930 Delegatum

171 3961 209 4017 ut
222 3951 366 4036 ipsorum
388 3949 518 4013 nomine
538 3947 656 4034 gratias
670 3956 745 4034 agat
758 3947 815 4013 SS.
830 3946 917 4012 Dno.
934 3948 1055 4013 Nostro
1077 3970 1137 4034 pro
1159 3948 1311 4013 canonica
1325 3972 1409 4014 crec-

169 4056 258 4120 tione
281 4052 418 4139 Collegii
433 4051 617 4117 Americani
632 4052 667 4115 in
682 4051 866 4139 Collegium
881 4050 1109 4117 Pontificium.¹
1153 4050 1252 4130 Quod
1267 4054 1408 4118 muneris

171 4158 276 4225 libens
291 4158 325 4221 in
339 4179 373 4221 se
387 4156 524 4242 suscepit
537 4165 570 4220 et
583 4154 667 4219 datis
680 4155 783 4220 literis
797 4155 894 4241 paulo
908 4164 982 4241 post
996 4155 1150 4242 explevit.

214 4263 309 4328 Inter
317 4261 382 4326 alia
391 4261 555 4346 hocsuper
565 4259 692 4345 negotio
703 4259 875 4345 disceptata
884 4281 1012 4324 concors
1024 4259 1087 4324 fuit
1098 4259 1233 4325 Petrum
1243 4262 1408 4345 sententia,

171 4367 256 4434 hanc
271 4365 435 4431 “domum
455 4364 608 4445 altricem,
624 4362 659 4427 in
674 4386 738 4450 qua
748 4363 860 4429 delecti
870 4365 1006 4449 juvenes
1020 4364 1117 4429 sacris
1131 4365 1246 4429 studiis
1260 4388 1408 4452 sacraque

172 4470 345 4558 disciplina
367 4467 565 4549 instituendi,
580 4465 622 4531 ad
636 4466 845 4531 exercendum
861 4467 976 4532 deinde
990 4467 1023 4530 in
1039 4468 1144 4554 patria
1158 4491 1215 4532 sua
1230 4469 1320 4533 uberi
1335 4492 1406 4534 oum

206 4608 214 4640 ¹
227 4607 332 4740 Licet?
344 4604 510 4673 Apostolicns
520 4603 668 4655 Erectionis
679 4603 741 4655 vide
752 4603 781 4655 in
793 4603 955 4671 Appendice,
967 4621 993 4671 p.
1004 4608 1059 4659 193.
