3142 5242
508 1000 855 1108 uluuuus
902 1000 1080 1104 VIII.

530 1243 595 1346 Do
624 1241 726 1346 Zelo
757 1240 1038 1348 Animarum.

640 1636 858 1712 CAPUT
895 1638 933 1712 Ι.

494 1805 558 1880 Du
585 1805 761 1879 Conorus
787 1825 837 1878 nr
863 1807 1065 1879 Anvmus.

213 1974 299 2050 232.
352 1972 503 2072 Magna
544 1996 638 2047 sane
679 1977 740 2047 est
781 1970 1021 2046 advenarum
1063 1971 1284 2070 frequentia
1325 1974 1403 2050 fere

164 2089 337 2190 quotidie
371 2090 421 2164 ad
455 2088 590 2163 littora
623 2095 757 2162 nostra
789 2085 1079 2182 confluentium,
1113 2113 1159 2164 eo
1193 2088 1328 2166 animo
1361 2096 1402 2166 ut

163 2205 340 2280 fortunas
373 2228 465 2279 suas
498 2209 668 2303 augeant
692 2203 768 2296 vel,
794 2203 899 2302 quod
926 2203 1124 2303 plerisque
1156 2205 1401 2306 propositum

22 2377 25 2383 .
163 2325 233 2415 est,
251 2327 297 2396 ut
312 2327 525 2420 egestatem
546 2319 884 2418 miserrimumque
899 2319 1016 2413 vitae,
1033 2345 1111 2419 qua
1126 2321 1236 2398 domi
1251 2347 1400 2423 preme·

162 2435 317 2531 bantur,
342 2435 606 2513 conditionem
635 2435 835 2535 effugiant.
888 2434 994 2512 Hinc
1018 2436 1261 2538 plerumque,
1281 2464 1402 2539 quum

162 2554 214 2629 ud
238 2560 375 2652 portus
400 2559 554 2630 nostros
578 2552 795 2651 adpellunt,
811 2577 944 2629 rerum
969 2554 1050 2631 lere
1074 2553 1253 2631 omnium
1269 2555 1402 2656 inopia

162 2668 352 2746 laborant.
404 2669 492 2760 Qua
509 2668 668 2769 quidem
685 2693 854 2768 aequum
870 2676 930 2745 est
946 2677 992 2745 ut
1008 2695 1079 2745 nos
1101 2695 1400 2769 permoveamur

162 2787 213 2861 ad
237 2811 303 2861 eos
328 2811 401 2885 pro
426 2785 534 2860 virili
559 2793 672 2884 parte
698 2785 941 2883 adjuvandos
957 2793 998 2862 et
1013 2787 1213 2882 fovendoS,
1231 2789 1400 2865 maxime

162 2904 265 3001 quod
290 2927 425 2978 eorum
451 2901 615 3001 plurimi
640 2900 721 2978 sint
749 2901 951 2977 domestici
978 2902 1069 2978 fidei
1101 2903 1205 3003 (Gal.
1234 2925 1292 2983 V1.
1323 2905 1400 3005 10),

161 3018 194 3116 ej
200 3020 412 3117 usdemquc
429 3018 567 3094 matris
588 3017 783 3094 Ecclesiae
802 3018 895 3130 filii..
939 3017 1068 3096 Immo
1085 3020 1209 3095 nostri
1226 3021 1400 3098 muneris

161 3141 231 3226 est,
251 3134 324 3209 Dei
344 3135 460 3233 jussu
484 3142 525 3211 et
548 3135 727 3233 exemplo
752 3159 819 3210 eos
845 3160 923 3209 non
949 3136 1221 3213 benevolentia
1244 3144 1399 3214 tantum

161 3250 365 3326 sedetiam
383 3277 516 3327 amore
540 3251 755 3350 complecti.
808 3255 964 3327 “Amat
985 3253 1122 3353 (Deus)
1147 3255 1398 3354 peregrinum

161 3372 202 3443 et
229 3369 299 3443 dat
324 3366 361 3443 oi
388 3367 535 3443 victum
566 3375 683 3467 atque
709 3368 907 3445 vestitum.
960 3367 1014 3445 Et
1039 3394 1110 3445 vos
1142 3394 1235 3470 ergo
1271 3380 1398 3448 amate

160 3483 398 3583 peregrinos,
412 3483 504 3584 quia
521 3491 560 3560 et
576 3482 655 3582 ipsi
670 3484 800 3560 fuistis
816 3487 991 3561 advenae
1007 3485 1048 3561 in
1065 3493 1171 3562 terra
1187 3486 1397 3590 Aegypti.’‘

165 3600 389 3698 (Deuteron.
408 3623 467 3676 1x.
486 3600 547 3692 18,
568 3603 644 3700 19.)
699 3599 907 3677 Praeterea
922 3601 964 3677 in
982 3601 1096 3678 Novo
1122 3603 1296 3681 Foedere
1322 3629 1399 3682 una

161 3718 448 3815 quodammodo
482 3725 587 3792 sorte
619 3741 709 3793 cum
742 3716 823 3793 illis
856 3725 898 3794 et
929 3718 1150 3795 conditione
1182 3745 1395 3798 censemur.

161 3831 265 3923 Quid
291 3832 397 3908 enim
423 3832 533 3909 aliud
558 3859 694 3909 sumus
711 3832 788 3933 ipsi
805 3860 924 3934 quam
940 3835 1148 3936 peregrini,
1165 3836 1343 3936 hospites
1359 3844 1397 3914 et

160 3951 345 4043 advenae,
372 3949 523 4025 nullam
549 3949 614 4026 hic
638 3951 825 4026 habentes
850 3961 1074 4028 manentem
1098 3951 1313 4048 civitatem,
1329 3955 1397 4031 sed

161 4090 186 4141 a
201 4065 285 4141 Deo
303 4067 496 4165 domoque
513 4066 670 4142 coelesti
687 4066 993 4167 peregrinantes,
1011 4067 1078 4169 qui
1095 4069 1270 4146 futuram
1287 4069 1397 4146 illam

160 4183 314 4257 beatam
331 4190 595 4282 perpetuoque
612 4208 838 4259 mansuram
863 4183 1129 4285 inquirimus?
1184 4187 1229 4285 (1.
1247 4187 1334 4263 Pet.
1352 4209 1397 4263 11.

162 4299 231 4392 113
258 4320 287 4375 1.
305 4299 392 4375 Cor.
411 4320 457 4375 11.
478 4301 547 4393 11;
574 4299 698 4376 Hebr.
715 4321 776 4375 xr.
795 4303 865 4394 13;
892 4323 989 4378 xm.
1017 4302 1091 4402 14.)
1146 4302 1280 4393 Quum
1306 4327 1396 4379 vero

161 4438 239 4490 non
256 4414 384 4490 solum
401 4421 462 4490 tot
477 4415 650 4513 corporis
667 4415 914 4493 incommoda
930 4424 970 4494 et
986 4418 1209 4495 vexationes
1226 4422 1396 4520 perferre

160 4539 358 4629 cogantur,
378 4532 447 4606 sed
472 4529 591 4606 etiam
616 4530 724 4607 haud
748 4557 838 4607 raro
863 4535 950 4628 fide,
977 4534 1151 4611 moribus
1176 4542 1218 4611 et
1242 4543 1397 4612 aeterna

293 4651 356 4716 130
