<?xml version="1.0" encoding="UTF-8"?>
<!DOCTYPE html PUBLIC "-//W3C//DTD XHTML 1.0 Transitional//EN"
    "http://www.w3.org/TR/xhtml1/DTD/xhtml1-transitional.dtd">
<html xmlns="http://www.w3.org/1999/xhtml" xml:lang="en" lang="en">
 <head>
  <title>
</title>
<meta http-equiv="Content-Type" content="text/html;charset=utf-8" />
  <meta name='ocr-system' content='tesseract 3.04.00' />
  <meta name='ocr-capabilities' content='ocr_page ocr_carea ocr_par ocr_line ocrx_word'/>
</head>
<body>
  <div class='ocr_page' id='page_1' title='image "./actaetdecretaco00gibbgoog_0137.png"; bbox 0 0 3142 5242; ppageno 0'>
   <div class='ocr_carea' id='block_1_1' title="bbox 174 456 1295 534">
    <p class='ocr_par' dir='ltr' id='par_1_1' title="bbox 174 456 1295 534">
     <span class='ocr_line' id='line_1_1' title="bbox 174 456 1295 534; baseline 0.012 -15"><span class='ocrx_word' id='word_1_1' title='bbox 174 456 218 521; x_wconf 80' lang='lat'>20</span> <span class='ocrx_word' id='word_1_2' title='bbox 305 475 488 525; x_wconf 83' lang='lat' dir='ltr'>TITULUS</span> <span class='ocrx_word' id='word_1_3' title='bbox 517 479 666 527; x_wconf 73' lang='lat' dir='ltr'>11.-1&gt;r:</span> <span class='ocrx_word' id='word_1_4' title='bbox 695 481 903 530; x_wconf 77' lang='lat' dir='ltr'>PERSONIS</span> <span class='ocrx_word' id='word_1_5' title='bbox 933 484 1295 534; x_wconf 79' lang='lat' dir='ltr'>ECCLESIASTICIS.</span> 
     </span>
    </p>
   </div>
   <div class='ocr_carea' id='block_1_2' title="bbox 633 876 939 951">
    <p class='ocr_par' dir='ltr' id='par_1_2' title="bbox 633 876 939 951">
     <span class='ocr_line' id='line_1_2' title="bbox 633 876 939 951; baseline 0.007 -2"><span class='ocrx_word' id='word_1_6' title='bbox 633 876 850 951; x_wconf 83' lang='lat' dir='ltr'>CAPUT</span> <span class='ocrx_word' id='word_1_7' title='bbox 885 877 939 951; x_wconf 91' lang='lat' dir='ltr'>V.</span> 
     </span>
    </p>
   </div>
   <div class='ocr_carea' id='block_1_3' title="bbox 423 1057 1157 1139">
    <p class='ocr_par' dir='ltr' id='par_1_3' title="bbox 423 1057 1157 1139">
     <span class='ocr_line' id='line_1_3' title="bbox 423 1057 1157 1139; baseline 0.008 -7"><span class='ocrx_word' id='word_1_8' title='bbox 423 1057 487 1132; x_wconf 81' lang='lat' dir='ltr'>Dc</span> <span class='ocrx_word' id='word_1_9' title='bbox 514 1058 769 1134; x_wconf 82' lang='lat' dir='ltr'>Rncronrnus</span> <span class='ocrx_word' id='word_1_10' title='bbox 796 1060 1157 1139; x_wconf 74' lang='lat' dir='ltr'>Iunuovrarcrnus</span> 
     </span>
    </p>
   </div>
   <div class='ocr_carea' id='block_1_4' title="bbox 160 1225 1473 4739">
    <p class='ocr_par' dir='ltr' id='par_1_4' title="bbox 160 1225 1473 3669">
     <span class='ocr_line' id='line_1_4' title="bbox 221 1225 1405 1325; baseline 0.004 -24"><span class='ocrx_word' id='word_1_11' title='bbox 221 1225 282 1301; x_wconf 86' lang='lat'>31.</span> <span class='ocrx_word' id='word_1_12' title='bbox 325 1225 554 1324; x_wconf 84' lang='lat' dir='ltr'>Antiquitus</span> <span class='ocrx_word' id='word_1_13' title='bbox 589 1250 666 1300; x_wconf 92' lang='lat' dir='ltr'>non</span> <span class='ocrx_word' id='word_1_14' title='bbox 701 1233 811 1300; x_wconf 89' lang='lat' dir='ltr'>erant</span> <span class='ocrx_word' id='word_1_15' title='bbox 853 1227 1051 1325; x_wconf 80' lang='lat' dir='ltr'>paroeciae</span> <span class='ocrx_word' id='word_1_16' title='bbox 1086 1229 1301 1324; x_wconf 76' lang='lat' dir='ltr'>distinctae,</span> <span class='ocrx_word' id='word_1_17' title='bbox 1338 1234 1405 1307; x_wconf 89' lang='lat' dir='ltr'>sed</span> 
     </span>
     <span class='ocr_line' id='line_1_5' title="bbox 171 1339 1405 1446; baseline 0.005 -30"><span class='ocrx_word' id='word_1_18' title='bbox 171 1339 387 1440; x_wconf 86' lang='lat' dir='ltr'>Episcopus</span> <span class='ocrx_word' id='word_1_19' title='bbox 404 1341 523 1416; x_wconf 91' lang='lat' dir='ltr'>totius</span> <span class='ocrx_word' id='word_1_20' title='bbox 541 1341 754 1416; x_wconf 89' lang='lat' dir='ltr'>dioeceseos</span> <span class='ocrx_word' id='word_1_21' title='bbox 771 1341 992 1418; x_wconf 89' lang='lat' dir='ltr'>animarum</span> <span class='ocrx_word' id='word_1_22' title='bbox 1009 1369 1143 1418; x_wconf 89' lang='lat' dir='ltr'>curam</span> <span class='ocrx_word' id='word_1_23' title='bbox 1159 1348 1320 1443; x_wconf 81' lang='lat' dir='ltr'>gerebat</span> <span class='ocrx_word' id='word_1_24' title='bbox 1336 1374 1405 1446; x_wconf 89' lang='lat' dir='ltr'>per</span> 
     </span>
     <span class='ocr_line' id='line_1_6' title="bbox 170 1457 1404 1557; baseline 0.005 -25"><span class='ocrx_word' id='word_1_25' title='bbox 170 1458 415 1557; x_wconf 89' lang='lat' dir='ltr'>presbyteros</span> <span class='ocrx_word' id='word_1_26' title='bbox 449 1483 518 1533; x_wconf 91' lang='lat' dir='ltr'>suo</span> <span class='ocrx_word' id='word_1_27' title='bbox 548 1457 663 1532; x_wconf 91' lang='lat' dir='ltr'>libitu</span> <span class='ocrx_word' id='word_1_28' title='bbox 692 1483 739 1532; x_wconf 83' lang='lat' dir='ltr'>ex</span> <span class='ocrx_word' id='word_1_29' title='bbox 768 1458 927 1533; x_wconf 89' lang='lat' dir='ltr'>ecclesia</span> <span class='ocrx_word' id='word_1_30' title='bbox 954 1461 1168 1535; x_wconf 74' lang='lat' dir='ltr'>cathedrali</span> <span class='ocrx_word' id='word_1_31' title='bbox 1203 1461 1244 1536; x_wconf 91' lang='lat' dir='ltr'>in</span> <span class='ocrx_word' id='word_1_32' title='bbox 1274 1465 1404 1538; x_wconf 86' lang='lat' dir='ltr'>varias</span> 
     </span>
     <span class='ocr_line' id='line_1_7' title="bbox 170 1573 1405 1673; baseline 0.006 -26"><span class='ocrx_word' id='word_1_33' title='bbox 170 1573 338 1648; x_wconf 87' lang='lat' dir='ltr'>civitatis</span> <span class='ocrx_word' id='word_1_34' title='bbox 355 1581 396 1649; x_wconf 89' lang='lat' dir='ltr'>et</span> <span class='ocrx_word' id='word_1_35' title='bbox 412 1573 627 1649; x_wconf 88' lang='lat' dir='ltr'>dioeceseos</span> <span class='ocrx_word' id='word_1_36' title='bbox 652 1580 783 1672; x_wconf 90' lang='lat' dir='ltr'>partes</span> <span class='ocrx_word' id='word_1_37' title='bbox 806 1576 857 1650; x_wconf 90' lang='lat' dir='ltr'>ad</span> <span class='ocrx_word' id='word_1_38' title='bbox 875 1600 984 1650; x_wconf 88' lang='lat' dir='ltr'>sacra</span> <span class='ocrx_word' id='word_1_39' title='bbox 1000 1577 1179 1651; x_wconf 89' lang='lat' dir='ltr'>obeunda</span> <span class='ocrx_word' id='word_1_40' title='bbox 1195 1579 1347 1673; x_wconf 90' lang='lat' dir='ltr'>missos,</span> <span class='ocrx_word' id='word_1_41' title='bbox 1366 1587 1405 1655; x_wconf 92' lang='lat' dir='ltr'>et</span> 
     </span>
     <span class='ocr_line' id='line_1_8' title="bbox 170 1690 1404 1794; baseline 0.003 -28"><span class='ocrx_word' id='word_1_42' title='bbox 170 1692 221 1766; x_wconf 93' lang='lat' dir='ltr'>ad</span> <span class='ocrx_word' id='word_1_43' title='bbox 255 1697 394 1766; x_wconf 87' lang='lat' dir='ltr'>nutum</span> <span class='ocrx_word' id='word_1_44' title='bbox 427 1690 673 1768; x_wconf 87' lang='lat' dir='ltr'>revocabiles.</span> <span class='ocrx_word' id='word_1_45' title='bbox 743 1692 820 1766; x_wconf 82' lang='lat' dir='ltr'>Sed</span> <span class='ocrx_word' id='word_1_46' title='bbox 862 1693 1025 1767; x_wconf 90' lang='lat' dir='ltr'>decursu</span> <span class='ocrx_word' id='word_1_47' title='bbox 1058 1694 1247 1792; x_wconf 91' lang='lat' dir='ltr'>temporis</span> <span class='ocrx_word' id='word_1_48' title='bbox 1281 1722 1404 1794; x_wconf 92' lang='lat' dir='ltr'>quum</span> 
     </span>
     <span class='ocr_line' id='line_1_9' title="bbox 170 1806 1402 1910; baseline 0.003 -27"><span class='ocrx_word' id='word_1_49' title='bbox 170 1815 375 1907; x_wconf 80' lang='lat' dir='ltr'>augeretur</span> <span class='ocrx_word' id='word_1_50' title='bbox 402 1808 570 1908; x_wconf 92' lang='lat' dir='ltr'>populus</span> <span class='ocrx_word' id='word_1_51' title='bbox 595 1806 850 1900; x_wconf 81' lang='lat' dir='ltr'>Christianus,</span> <span class='ocrx_word' id='word_1_52' title='bbox 877 1808 1068 1907; x_wconf 90' lang='lat' dir='ltr'>paulatim</span> <span class='ocrx_word' id='word_1_53' title='bbox 1100 1836 1173 1886; x_wconf 91' lang='lat' dir='ltr'>usu</span> <span class='ocrx_word' id='word_1_54' title='bbox 1202 1820 1402 1910; x_wconf 87' lang='lat' dir='ltr'>receptum</span> 
     </span>
     <span class='ocr_line' id='line_1_10' title="bbox 169 1922 1402 2026; baseline 0.002 -26"><span class='ocrx_word' id='word_1_55' title='bbox 169 1934 210 2000; x_wconf 90' lang='lat' dir='ltr'>et</span> <span class='ocrx_word' id='word_1_56' title='bbox 251 1925 370 2000; x_wconf 92' lang='lat' dir='ltr'>sacris</span> <span class='ocrx_word' id='word_1_57' title='bbox 411 1924 621 2000; x_wconf 89' lang='lat' dir='ltr'>canonibus</span> <span class='ocrx_word' id='word_1_58' title='bbox 659 1950 731 2024; x_wconf 94' lang='lat' dir='ltr'>pro</span> <span class='ocrx_word' id='word_1_59' title='bbox 774 1922 927 1999; x_wconf 90' lang='lat' dir='ltr'>meliori</span> <span class='ocrx_word' id='word_1_60' title='bbox 961 1931 1001 1999; x_wconf 89' lang='lat' dir='ltr'>et</span> <span class='ocrx_word' id='word_1_61' title='bbox 1033 1926 1170 2001; x_wconf 89' lang='lat' dir='ltr'>tutiori</span> <span class='ocrx_word' id='word_1_62' title='bbox 1212 1928 1402 2026; x_wconf 90' lang='lat' dir='ltr'>regimine</span> 
     </span>
     <span class='ocr_line' id='line_1_11' title="bbox 169 2040 1473 2144; baseline 0 -25"><span class='ocrx_word' id='word_1_63' title='bbox 169 2042 364 2143; x_wconf 85' lang='lat' dir='ltr'>spirituali</span> <span class='ocrx_word' id='word_1_64' title='bbox 382 2042 601 2118; x_wconf 88' lang='lat' dir='ltr'>animarum</span> <span class='ocrx_word' id='word_1_65' title='bbox 620 2040 811 2116; x_wconf 90' lang='lat' dir='ltr'>sancitum</span> <span class='ocrx_word' id='word_1_66' title='bbox 837 2047 906 2134; x_wconf 89' lang='lat' dir='ltr'>est,</span> <span class='ocrx_word' id='word_1_67' title='bbox 925 2048 969 2116; x_wconf 90' lang='lat' dir='ltr'>ut</span> <span class='ocrx_word' id='word_1_68' title='bbox 986 2042 1176 2119; x_wconf 85' lang='lat' dir='ltr'>dioeceses</span> <span class='ocrx_word' id='word_1_69' title='bbox 1203 2043 1244 2119; x_wconf 92' lang='lat' dir='ltr'>in</span> <span class='ocrx_word' id='word_1_70' title='bbox 1269 2071 1401 2144; x_wconf 90' lang='lat' dir='ltr'>paroe·</span> <span class='ocrx_word' id='word_1_71' title='bbox 1470 2072 1473 2076; x_wconf 90' lang='lat'>·</span> 
     </span>
     <span class='ocr_line' id='line_1_12' title="bbox 168 2157 1402 2259; baseline 0 -23"><span class='ocrx_word' id='word_1_72' title='bbox 168 2160 247 2237; x_wconf 90' lang='lat' dir='ltr'>cias</span> <span class='ocrx_word' id='word_1_73' title='bbox 281 2159 632 2250; x_wconf 89' lang='lat' dir='ltr'>subdividerentur,</span> <span class='ocrx_word' id='word_1_74' title='bbox 667 2164 707 2233; x_wconf 90' lang='lat' dir='ltr'>et</span> <span class='ocrx_word' id='word_1_75' title='bbox 740 2157 945 2256; x_wconf 91' lang='lat' dir='ltr'>unicuique</span> <span class='ocrx_word' id='word_1_76' title='bbox 987 2159 1169 2258; x_wconf 89' lang='lat' dir='ltr'>proprius</span> <span class='ocrx_word' id='word_1_77' title='bbox 1212 2163 1402 2259; x_wconf 85' lang='lat' dir='ltr'>parochus</span> 
     </span>
     <span class='ocr_line' id='line_1_13' title="bbox 169 2271 1401 2377; baseline -0.002 -23"><span class='ocrx_word' id='word_1_78' title='bbox 169 2278 442 2377; x_wconf 85' lang='lat' dir='ltr'>assignaretur,</span> <span class='ocrx_word' id='word_1_79' title='bbox 460 2274 528 2374; x_wconf 94' lang='lat' dir='ltr'>qui</span> <span class='ocrx_word' id='word_1_80' title='bbox 544 2275 695 2349; x_wconf 91' lang='lat' dir='ltr'>ratione</span> <span class='ocrx_word' id='word_1_81' title='bbox 713 2272 773 2348; x_wconf 91' lang='lat' dir='ltr'>sui</span> <span class='ocrx_word' id='word_1_82' title='bbox 799 2271 912 2348; x_wconf 90' lang='lat' dir='ltr'>officii</span> <span class='ocrx_word' id='word_1_83' title='bbox 938 2280 1135 2349; x_wconf 88' lang='lat' dir='ltr'>teneretur</span> <span class='ocrx_word' id='word_1_84' title='bbox 1153 2278 1203 2350; x_wconf 90' lang='lat' dir='ltr'>ad</span> <span class='ocrx_word' id='word_1_85' title='bbox 1222 2277 1296 2352; x_wconf 92' lang='lat' dir='ltr'>sibi</span> <span class='ocrx_word' id='word_1_86' title='bbox 1314 2303 1401 2353; x_wconf 93' lang='lat' dir='ltr'>con·</span> 
     </span>
     <span class='ocr_line' id='line_1_14' title="bbox 168 2388 1401 2493; baseline -0.004 -20"><span class='ocrx_word' id='word_1_87' title='bbox 168 2396 336 2473; x_wconf 89' lang='lat' dir='ltr'>creditae</span> <span class='ocrx_word' id='word_1_88' title='bbox 356 2393 545 2491; x_wconf 86' lang='lat' dir='ltr'>certisque</span> <span class='ocrx_word' id='word_1_89' title='bbox 570 2390 761 2466; x_wconf 90' lang='lat' dir='ltr'>limitibus</span> <span class='ocrx_word' id='word_1_90' title='bbox 785 2388 1097 2488; x_wconf 88' lang='lat' dir='ltr'>circumscriptae</span> <span class='ocrx_word' id='word_1_91' title='bbox 1122 2393 1247 2491; x_wconf 90' lang='lat' dir='ltr'>partis</span> <span class='ocrx_word' id='word_1_92' title='bbox 1273 2395 1401 2493; x_wconf 89' lang='lat' dir='ltr'>gregis</span> 
     </span>
     <span class='ocr_line' id='line_1_15' title="bbox 168 2506 1401 2605; baseline -0.005 -14"><span class='ocrx_word' id='word_1_93' title='bbox 168 2539 300 2591; x_wconf 91' lang='lat' dir='ltr'>curam</span> <span class='ocrx_word' id='word_1_94' title='bbox 342 2511 572 2602; x_wconf 90' lang='lat' dir='ltr'>habendam,</span> <span class='ocrx_word' id='word_1_95' title='bbox 607 2507 679 2582; x_wconf 92' lang='lat' dir='ltr'>sub</span> <span class='ocrx_word' id='word_1_96' title='bbox 713 2506 905 2605; x_wconf 85' lang='lat' dir='ltr'>Episcopo</span> <span class='ocrx_word' id='word_1_97' title='bbox 949 2507 1152 2583; x_wconf 90' lang='lat' dir='ltr'>universae</span> <span class='ocrx_word' id='word_1_98' title='bbox 1186 2511 1401 2585; x_wconf 89' lang='lat' dir='ltr'>dioeceseos</span> 
     </span>
     <span class='ocr_line' id='line_1_16' title="bbox 168 2622 1398 2724; baseline -0.007 -16"><span class='ocrx_word' id='word_1_99' title='bbox 168 2629 388 2708; x_wconf 77' lang='lat' dir='ltr'>Ordinario</span> <span class='ocrx_word' id='word_1_100' title='bbox 440 2624 655 2702; x_wconf 79' lang='lat' dir='ltr'>Concilium</span> <span class='ocrx_word' id='word_1_101' title='bbox 686 2622 955 2698; x_wconf 86' lang='lat' dir='ltr'>Tridentinum</span> <span class='ocrx_word' id='word_1_102' title='bbox 987 2623 1077 2698; x_wconf 91' lang='lat' dir='ltr'>dein</span> <span class='ocrx_word' id='word_1_103' title='bbox 1108 2624 1313 2724; x_wconf 92' lang='lat' dir='ltr'>Episcopis</span> <span class='ocrx_word' id='word_1_104' title='bbox 1344 2627 1398 2701; x_wconf 89' lang='lat' dir='ltr'>in-</span> 
     </span>
     <span class='ocr_line' id='line_1_17' title="bbox 160 2739 1401 2851; baseline -0.007 -25"><span class='ocrx_word' id='word_1_105' title='bbox 160 2749 305 2851; x_wconf 80' lang='lat' dir='ltr'>junxit,</span> <span class='ocrx_word' id='word_1_106' title='bbox 332 2753 378 2824; x_wconf 91' lang='lat' dir='ltr'>ut</span> <span class='ocrx_word' id='word_1_107' title='bbox 410 2743 451 2819; x_wconf 92' lang='lat' dir='ltr'>in</span> <span class='ocrx_word' id='word_1_108' title='bbox 488 2742 536 2817; x_wconf 91' lang='lat' dir='ltr'>iis</span> <span class='ocrx_word' id='word_1_109' title='bbox 562 2740 784 2816; x_wconf 88' lang='lat' dir='ltr'>civitatibus</span> <span class='ocrx_word' id='word_1_110' title='bbox 819 2747 858 2814; x_wconf 91' lang='lat' dir='ltr'>et</span> <span class='ocrx_word' id='word_1_111' title='bbox 891 2739 996 2832; x_wconf 87' lang='lat' dir='ltr'>locis,</span> <span class='ocrx_word' id='word_1_112' title='bbox 1025 2741 1089 2815; x_wconf 92' lang='lat' dir='ltr'>ubi</span> <span class='ocrx_word' id='word_1_113' title='bbox 1117 2742 1248 2817; x_wconf 90' lang='lat' dir='ltr'>nullae</span> <span class='ocrx_word' id='word_1_114' title='bbox 1274 2751 1401 2818; x_wconf 87' lang='lat' dir='ltr'>essent</span> 
     </span>
     <span class='ocr_line' id='line_1_18' title="bbox 166 2856 1398 2969; baseline -0.01 -25"><span class='ocrx_word' id='word_1_115' title='bbox 166 2864 406 2969; x_wconf 88' lang='lat' dir='ltr'>parochiales</span> <span class='ocrx_word' id='word_1_116' title='bbox 436 2857 626 2951; x_wconf 89' lang='lat' dir='ltr'>ecclesiae,</span> <span class='ocrx_word' id='word_1_117' title='bbox 658 2856 948 2956; x_wconf 86' lang='lat' dir='ltr'>quamprimum</span> <span class='ocrx_word' id='word_1_118' title='bbox 984 2857 1066 2931; x_wconf 89' lang='lat' dir='ltr'>fieri</span> <span class='ocrx_word' id='word_1_119' title='bbox 1097 2866 1299 2950; x_wconf 89' lang='lat' dir='ltr'>curarent;</span> <span class='ocrx_word' id='word_1_120' title='bbox 1335 2859 1398 2934; x_wconf 91' lang='lat' dir='ltr'>ubi</span> 
     </span>
     <span class='ocr_line' id='line_1_19' title="bbox 166 2972 1399 3087; baseline -0.011 -25"><span class='ocrx_word' id='word_1_121' title='bbox 166 2983 405 3087; x_wconf 72' lang='lat' dir='ltr'>parochiales</span> <span class='ocrx_word' id='word_1_122' title='bbox 423 2974 603 3054; x_wconf 87' lang='lat' dir='ltr'>ecclesiae</span> <span class='ocrx_word' id='word_1_123' title='bbox 620 2979 743 3048; x_wconf 89' lang='lat' dir='ltr'>certos</span> <span class='ocrx_word' id='word_1_124' title='bbox 762 2998 838 3046; x_wconf 93' lang='lat' dir='ltr'>non</span> <span class='ocrx_word' id='word_1_125' title='bbox 857 2972 1044 3047; x_wconf 90' lang='lat' dir='ltr'>haberent</span> <span class='ocrx_word' id='word_1_126' title='bbox 1061 2975 1167 3065; x_wconf 90' lang='lat' dir='ltr'>fines,</span> <span class='ocrx_word' id='word_1_127' title='bbox 1179 2977 1247 3049; x_wconf 91' lang='lat' dir='ltr'>sed</span> <span class='ocrx_word' id='word_1_128' title='bbox 1266 3001 1399 3049; x_wconf 85' lang='lat' dir='ltr'>earum</span> 
     </span>
     <span class='ocr_line' id='line_1_20' title="bbox 166 3088 1398 3198; baseline -0.013 -17"><span class='ocrx_word' id='word_1_129' title='bbox 166 3112 331 3180; x_wconf 88' lang='lat' dir='ltr'>rectores</span> <span class='ocrx_word' id='word_1_130' title='bbox 365 3092 584 3198; x_wconf 86' lang='lat' dir='ltr'>promiscue</span> <span class='ocrx_word' id='word_1_131' title='bbox 617 3088 839 3187; x_wconf 87' lang='lat' dir='ltr'>petentibus</span> <span class='ocrx_word' id='word_1_132' title='bbox 874 3097 1116 3164; x_wconf 87' lang='lat' dir='ltr'>sacramenta</span> <span class='ocrx_word' id='word_1_133' title='bbox 1150 3091 1398 3165; x_wconf 89' lang='lat' dir='ltr'>administra·</span> 
     </span>
     <span class='ocr_line' id='line_1_21' title="bbox 164 3203 1399 3320; baseline -0.015 -20"><span class='ocrx_word' id='word_1_134' title='bbox 164 3230 263 3316; x_wconf 90' lang='lat' dir='ltr'>rent,</span> <span class='ocrx_word' id='word_1_135' title='bbox 290 3242 361 3320; x_wconf 89' lang='lat' dir='ltr'>pro</span> <span class='ocrx_word' id='word_1_136' title='bbox 396 3209 533 3288; x_wconf 89' lang='lat' dir='ltr'>tutiori</span> <span class='ocrx_word' id='word_1_137' title='bbox 563 3206 783 3282; x_wconf 89' lang='lat' dir='ltr'>animarum</span> <span class='ocrx_word' id='word_1_138' title='bbox 819 3203 954 3297; x_wconf 89' lang='lat' dir='ltr'>salute,</span> <span class='ocrx_word' id='word_1_139' title='bbox 980 3206 1172 3304; x_wconf 90' lang='lat' dir='ltr'>populum</span> <span class='ocrx_word' id='word_1_140' title='bbox 1208 3205 1248 3279; x_wconf 93' lang='lat' dir='ltr'>in</span> <span class='ocrx_word' id='word_1_141' title='bbox 1276 3215 1399 3281; x_wconf 84' lang='lat' dir='ltr'>certas</span> 
     </span>
     <span class='ocr_line' id='line_1_22' title="bbox 165 3321 1398 3442; baseline -0.016 -25"><span class='ocrx_word' id='word_1_142' title='bbox 165 3338 420 3442; x_wconf 88' lang='lat' dir='ltr'>propriasque</span> <span class='ocrx_word' id='word_1_143' title='bbox 445 3323 648 3428; x_wconf 88' lang='lat' dir='ltr'>parochias</span> <span class='ocrx_word' id='word_1_144' title='bbox 674 3321 968 3418; x_wconf 86' lang='lat' dir='ltr'>distinguerent,</span> <span class='ocrx_word' id='word_1_145' title='bbox 986 3328 1026 3395; x_wconf 91' lang='lat' dir='ltr'>et</span> <span class='ocrx_word' id='word_1_146' title='bbox 1051 3321 1258 3421; x_wconf 90' lang='lat' dir='ltr'>unicuique</span> <span class='ocrx_word' id='word_1_147' title='bbox 1285 3349 1398 3397; x_wconf 91' lang='lat' dir='ltr'>suum</span> 
     </span>
     <span class='ocr_line' id='line_1_23' title="bbox 164 3436 1399 3561; baseline -0.019 -24"><span class='ocrx_word' id='word_1_148' title='bbox 164 3464 397 3561; x_wconf 84' lang='lat' dir='ltr'>perpetuum</span> <span class='ocrx_word' id='word_1_149' title='bbox 416 3442 728 3547; x_wconf 88' lang='lat' dir='ltr'>peculiaremque</span> <span class='ocrx_word' id='word_1_150' title='bbox 745 3437 957 3536; x_wconf 87' lang='lat' dir='ltr'>parochum</span> <span class='ocrx_word' id='word_1_151' title='bbox 975 3436 1230 3536; x_wconf 87' lang='lat' dir='ltr'>assignarent.</span> <span class='ocrx_word' id='word_1_152' title='bbox 1284 3440 1399 3539; x_wconf 83' lang='lat' dir='ltr'>(Sess.</span> 
     </span>
     <span class='ocr_line' id='line_1_24' title="bbox 164 3561 607 3669; baseline -0.052 -13"><span class='ocrx_word' id='word_1_153' title='bbox 164 3597 293 3669; x_wconf 62' lang='grc' dir='ltr'>ΠΝ,</span> <span class='ocrx_word' id='word_1_154' title='bbox 312 3573 361 3647; x_wconf 92' lang='lat' dir='ltr'>dc</span> <span class='ocrx_word' id='word_1_155' title='bbox 383 3565 467 3642; x_wconf 80' lang='lat' dir='ltr'>Res.</span> <span class='ocrx_word' id='word_1_156' title='bbox 486 3586 516 3637; x_wconf 91' lang='lat' dir='ltr'>c.</span> <span class='ocrx_word' id='word_1_157' title='bbox 532 3561 607 3656; x_wconf 88' lang='grc'>13.)</span> 
     </span>
    </p>

    <p class='ocr_par' dir='ltr' id='par_1_5' title="bbox 161 3670 1400 4739">
     <span class='ocr_line' id='line_1_25' title="bbox 213 3670 1399 3775; baseline -0.015 -9"><span class='ocrx_word' id='word_1_158' title='bbox 213 3698 274 3775; x_wconf 78' lang='grc'>32.</span> <span class='ocrx_word' id='word_1_159' title='bbox 302 3689 390 3766; x_wconf 89' lang='lat' dir='ltr'>Hac</span> <span class='ocrx_word' id='word_1_160' title='bbox 415 3683 463 3757; x_wconf 88' lang='lat' dir='ltr'>de</span> <span class='ocrx_word' id='word_1_161' title='bbox 489 3704 531 3753; x_wconf 88' lang='lat' dir='ltr'>rc</span> <span class='ocrx_word' id='word_1_162' title='bbox 555 3676 691 3750; x_wconf 89' lang='lat' dir='ltr'>Patres</span> <span class='ocrx_word' id='word_1_163' title='bbox 716 3671 876 3745; x_wconf 87' lang='lat' dir='ltr'>Concilii</span> <span class='ocrx_word' id='word_1_164' title='bbox 903 3670 1075 3745; x_wconf 92' lang='lat' dir='ltr'>Plenarii</span> <span class='ocrx_word' id='word_1_165' title='bbox 1101 3670 1399 3748; x_wconf 90' lang='lat' dir='ltr'>Baltimorensis</span> 
     </span>
     <span class='ocr_line' id='line_1_26' title="bbox 163 3786 1398 3893; baseline -0.024 0"><span class='ocrx_word' id='word_1_166' title='bbox 163 3816 218 3893; x_wconf 91' lang='lat' dir='ltr'>II.</span> <span class='ocrx_word' id='word_1_167' title='bbox 237 3805 480 3889; x_wconf 87' lang='lat' dir='ltr'>statuerunt:</span> <span class='ocrx_word' id='word_1_168' title='bbox 502 3802 522 3837; x_wconf 89' lang='lat'>“</span> <span class='ocrx_word' id='word_1_169' title='bbox 536 3793 665 3883; x_wconf 75' lang='lat' dir='ltr'>Quum</span> <span class='ocrx_word' id='word_1_170' title='bbox 684 3786 778 3862; x_wconf 89' lang='lat' dir='ltr'>olim</span> <span class='ocrx_word' id='word_1_171' title='bbox 806 3787 910 3884; x_wconf 88' lang='lat' dir='ltr'>‘jure</span> <span class='ocrx_word' id='word_1_172' title='bbox 928 3786 1087 3885; x_wconf 92' lang='lat' dir='ltr'>optimo,</span> <span class='ocrx_word' id='word_1_173' title='bbox 1106 3793 1150 3861; x_wconf 89' lang='lat' dir='ltr'>ut</span> <span class='ocrx_word' id='word_1_174' title='bbox 1166 3787 1222 3861; x_wconf 88' lang='lat' dir='ltr'>ait</span> <span class='ocrx_word' id='word_1_175' title='bbox 1239 3789 1398 3864; x_wconf 87' lang='lat' dir='ltr'>Triden-</span> 
     </span>
     <span class='ocr_line' id='line_1_27' title="bbox 161 3902 1398 4012; baseline -0.027 0"><span class='ocrx_word' id='word_1_176' title='bbox 161 3933 290 4012; x_wconf 88' lang='lat' dir='ltr'>tinum</span> <span class='ocrx_word' id='word_1_177' title='bbox 318 3914 546 4004; x_wconf 85' lang='lat' dir='ltr'>Concilium,</span> <span class='ocrx_word' id='word_1_178' title='bbox 574 3905 778 3983; x_wconf 86' lang='lat' dir='ltr'>distinctae</span> <span class='ocrx_word' id='word_1_179' title='bbox 811 3903 957 3977; x_wconf 85' lang='lat' dir='ltr'>fuerint</span> <span class='ocrx_word' id='word_1_180' title='bbox 989 3902 1179 3977; x_wconf 88' lang='lat' dir='ltr'>dioeceses</span> <span class='ocrx_word' id='word_1_181' title='bbox 1214 3911 1254 3978; x_wconf 90' lang='lat' dir='ltr'>et</span> <span class='ocrx_word' id='word_1_182' title='bbox 1287 3930 1398 4004; x_wconf 92' lang='lat' dir='ltr'>paro·</span> 
     </span>
     <span class='ocr_line' id='line_1_28' title="bbox 161 4017 1400 4140; baseline -0.027 -11"><span class='ocrx_word' id='word_1_183' title='bbox 161 4050 280 4140; x_wconf 82' lang='lat' dir='ltr'>chiac,</span> <span class='ocrx_word' id='word_1_184' title='bbox 308 4065 353 4118; x_wconf 84' lang='lat' dir='ltr'>ac</span> <span class='ocrx_word' id='word_1_185' title='bbox 383 4029 590 4127; x_wconf 85' lang='lat' dir='ltr'>unicuique</span> <span class='ocrx_word' id='word_1_186' title='bbox 621 4020 730 4121; x_wconf 90' lang='lat' dir='ltr'>gregi</span> <span class='ocrx_word' id='word_1_187' title='bbox 762 4017 913 4119; x_wconf 89' lang='lat' dir='ltr'>proprii</span> <span class='ocrx_word' id='word_1_188' title='bbox 944 4017 1120 4093; x_wconf 89' lang='lat' dir='ltr'>attributi</span> <span class='ocrx_word' id='word_1_189' title='bbox 1155 4029 1332 4118; x_wconf 84' lang='lat' dir='ltr'>pastores</span> <span class='ocrx_word' id='word_1_190' title='bbox 1361 4029 1400 4096; x_wconf 91' lang='lat' dir='ltr'>et</span> 
     </span>
     <span class='ocr_line' id='line_1_29' title="bbox 161 4133 1399 4247; baseline -0.029 1"><span class='ocrx_word' id='word_1_191' title='bbox 161 4164 391 4247; x_wconf 79' lang='lat' dir='ltr'>inferiorum</span> <span class='ocrx_word' id='word_1_192' title='bbox 430 4143 678 4226; x_wconf 87' lang='lat' dir='ltr'>ecclesiarum</span> <span class='ocrx_word' id='word_1_193' title='bbox 721 4143 897 4228; x_wconf 87' lang='lat' dir='ltr'>rectores,</span> <span class='ocrx_word' id='word_1_194' title='bbox 932 4133 999 4233; x_wconf 90' lang='lat' dir='ltr'>qui</span> <span class='ocrx_word' id='word_1_195' title='bbox 1041 4160 1201 4210; x_wconf 86' lang='lat' dir='ltr'>suarum</span> <span class='ocrx_word' id='word_1_196' title='bbox 1236 4137 1399 4235; x_wconf 87' lang='lat' dir='ltr'>quisque</span> 
     </span>
     <span class='ocr_line' id='line_1_30' title="bbox 161 4251 1398 4365; baseline -0.031 0"><span class='ocrx_word' id='word_1_197' title='bbox 161 4286 294 4365; x_wconf 85' lang='lat' dir='ltr'>orium</span> <span class='ocrx_word' id='word_1_198' title='bbox 312 4294 446 4352; x_wconf 84' lang='lat' dir='ltr'>curam</span> <span class='ocrx_word' id='word_1_199' title='bbox 466 4256 651 4340; x_wconf 87' lang='lat' dir='ltr'>habeant’</span> <span class='ocrx_word' id='word_1_200' title='bbox 675 4256 789 4354; x_wconf 86' lang='lat' dir='ltr'>(Sess.</span> <span class='ocrx_word' id='word_1_201' title='bbox 804 4274 903 4345; x_wconf 79' lang='lat' dir='ltr'>XIV,</span> <span class='ocrx_word' id='word_1_202' title='bbox 918 4253 966 4326; x_wconf 89' lang='lat' dir='ltr'>de</span> <span class='ocrx_word' id='word_1_203' title='bbox 980 4251 1065 4325; x_wconf 84' lang='lat' dir='ltr'>Rel.</span> <span class='ocrx_word' id='word_1_204' title='bbox 1079 4276 1108 4325; x_wconf 90' lang='lat' dir='ltr'>c.</span> <span class='ocrx_word' id='word_1_205' title='bbox 1123 4253 1163 4346; x_wconf 88' lang='lat'>9)</span> <span class='ocrx_word' id='word_1_206' title='bbox 1181 4255 1398 4349; x_wconf 88' lang='lat' dir='ltr'>optandum</span> 
     </span>
     <span class='ocr_line' id='line_1_31' title="bbox 161 4367 1399 4482; baseline -0.032 0"><span class='ocrx_word' id='word_1_207' title='bbox 161 4398 321 4482; x_wconf 85' lang='lat' dir='ltr'>omnino</span> <span class='ocrx_word' id='word_1_208' title='bbox 347 4393 460 4478; x_wconf 85' lang='lat' dir='ltr'>osset,</span> <span class='ocrx_word' id='word_1_209' title='bbox 485 4387 530 4455; x_wconf 91' lang='lat' dir='ltr'>ut</span> <span class='ocrx_word' id='word_1_210' title='bbox 556 4376 672 4477; x_wconf 84' lang='lat' dir='ltr'>juxta</span> <span class='ocrx_word' id='word_1_211' title='bbox 696 4367 889 4445; x_wconf 88' lang='lat' dir='ltr'>Ecclesiae</span> <span class='ocrx_word' id='word_1_212' title='bbox 915 4367 1118 4442; x_wconf 87' lang='lat' dir='ltr'>universae</span> <span class='ocrx_word' id='word_1_213' title='bbox 1151 4369 1399 4443; x_wconf 87' lang='lat' dir='ltr'>consuetudi·</span> 
     </span>
     <span class='ocr_line' id='line_1_32' title="bbox 162 4482 1397 4617; baseline -0.034 -17"><span class='ocrx_word' id='word_1_214' title='bbox 162 4545 250 4600; x_wconf 82' lang='lat' dir='ltr'>ncrn</span> <span class='ocrx_word' id='word_1_215' title='bbox 287 4502 448 4617; x_wconf 86' lang='lat' dir='ltr'>parochi</span> <span class='ocrx_word' id='word_1_216' title='bbox 475 4492 632 4599; x_wconf 87' lang='lat' dir='ltr'>proprie</span> <span class='ocrx_word' id='word_1_217' title='bbox 658 4485 762 4579; x_wconf 88' lang='lat' dir='ltr'>dicti,</span> <span class='ocrx_word' id='word_1_218' title='bbox 784 4485 1110 4584; x_wconf 88' lang='lat' dir='ltr'>quemadmodum</span> <span class='ocrx_word' id='word_1_219' title='bbox 1128 4482 1169 4557; x_wconf 93' lang='lat' dir='ltr'>in</span> <span class='ocrx_word' id='word_1_220' title='bbox 1188 4484 1397 4559; x_wconf 91' lang='lat' dir='ltr'>Catholicis</span> 
     </span>
     <span class='ocr_line' id='line_1_33' title="bbox 161 4576 1397 4739; baseline -0.035 -22"><span class='ocrx_word' id='word_1_221' title='bbox 161 4576 385 4739; x_wconf 74' lang='lat' dir='ltr'>rogidnibus</span> <span class='ocrx_word' id='word_1_222' title='bbox 411 4617 593 4705; x_wconf 79' lang='lat' dir='ltr'>existunt,</span> <span class='ocrx_word' id='word_1_223' title='bbox 611 4607 652 4684; x_wconf 90' lang='lat' dir='ltr'>in</span> <span class='ocrx_word' id='word_1_224' title='bbox 680 4609 902 4679; x_wconf 89' lang='lat' dir='ltr'>nostrarum</span> <span class='ocrx_word' id='word_1_225' title='bbox 927 4624 1079 4699; x_wconf 87' lang='lat' dir='ltr'>quoque</span> <span class='ocrx_word' id='word_1_226' title='bbox 1106 4598 1397 4698; x_wconf 72' lang='lat' dir='ltr'>prouinciarum</span> 
     </span>
    </p>
   </div>
   <div class='ocr_carea' id='block_1_5' title="bbox 0 0 1576 5242">
    <p class='ocr_par' dir='ltr' id='par_1_6' title="bbox 0 0 1576 5242">
     <span class='ocr_line' id='line_1_34' title="bbox 0 0 1576 5242; baseline 0 3"><span class='ocrx_word' id='word_1_227' title='bbox 0 0 1576 5242; x_wconf 95' lang='lat' dir='ltr'> </span> 
     </span>
    </p>
   </div>
  </div>
 </body>
</html>
