3142 5242
173 440 215 504 48
285 456 468 504 rrrunus
497 441 660 504 11.-ssn1r
690 455 899 502 raasonrs
929 448 1294 501 accrasrasrrcrs.

171 610 214 686 in
232 612 372 711 quibus
390 637 455 687 eos
472 610 756 711 Episcoporum
769 608 1032 710 jurisdictioni
1050 609 1206 685 subesse
1222 605 1408 681 canonica

171 728 418 827 praecipiunt
458 728 674 805 instituta.”
751 729 817 804 Ab
858 726 1043 827 Episcopi
1085 722 1407 823 interpretatione

172 846 413 920 decretorum
440 845 687 947 synodalium
710 846 801 921 licet
823 844 919 944 ipsis
936 844 1135 944 appellare
1150 847 1192 920 in
1207 846 1405 920 matutae

172 968 325 1036 tantum
344 965 473 1061 quoad
496 965 650 1039 decreta
671 988 770 1062 quae
793 964 842 1038 de
861 963 952 1060 jure
975 961 1171 1036 communi
1196 959 1281 1036 sive
1303 962 1405 1036 ordi·

171 1078 281 1154 nario
316 1079 398 1155 sive
433 1080 608 1178 delegato
643 1080 842 1179 regulares
883 1078 1002 1153 etiam
1041 1077 1233 1169 afficiunt;
1278 1079 1406 1176 quoad

170 1195 320 1294 reliqua
347 1223 438 1271 vero
465 1198 618 1272 decreta
642 1199 684 1271 in
707 1198 917 1295 suspensim.

220 1313 280 1387 89.
308 1313 420 1402 Quod
439 1313 579 1389 deinde
596 1312 814 1387 ministeria
830 1318 979 1411 spectat
998 1336 1070 1411 per
1084 1309 1283 1409 regulares
1300 1335 1404 1387 exer-

169 1429 256 1522 cita,
287 1429 402 1504 edicit
435 1429 659 1505 constitutio
690 1429 843 1504 “licere
873 1428 1078 1527 Episcopis
1112 1431 1278 1525 (eorum)
1314 1427 1403 1502 mis·

169 1545 297 1621 siones
331 1545 506 1621 dividere
521 1546 541 1580 '’
579 1547 667 1621 “ad
699 1546 867 1620 formam
900 1544 1047 1645 Syncdi
1081 1544 1115 1619 Ι.
1145 1542 1403 1618 Prouincialis

169 1661 600 1738 Westmonasteriensis
613 1662 658 1703 ”¹
675 1662 808 1737 audito
828 1668 961 1737 tamen
981 1659 1130 1736 ordinis
1149 1660 1343 1759 praefecto
1367 1667 1405 1735 et

168 1780 276 1854 salvo
294 1805 296 1808 ’
314 1780 405 1878 jure
443 1778 668 1878 appellandi
709 1782 749 1854 in
789 1781 1011 1868 decolativo;
1054 1785 1169 1876 atque
1208 1777 1401 1878 Episcopo

167 1895 335 1971 liberum
367 1922 449 1971 esse
480 1921 603 1971 novae
632 1896 809 1971 missioni
839 1896 1045 1994 praeficere
1074 1919 1189 1993 quern
1222 1895 1405 1971 maluerit

169 2015 418 2102 sacerdotem,
448 2013 530 2088 sive
561 2013 797 2088 saecularem
827 2013 910 2087 sive
938 2011 1167 2110 regularem.
1223 2012 1404 2088 Decernit

168 2129 286 2204 etiam
305 2131 489 2204 Summus
507 2130 688 2206 Pontifex
705 2154 897 2228 quaenam
919 2127 1148 2203 coemeteria
1170 2136 1210 2203 et
1233 2128 1301 2227 pia
1323 2130 1405 2205 loca

167 2245 272 2320 intra
305 2248 401 2320 fines
434 2246 664 2321 missionum
699 2245 944 2345 regularibus
985 2245 1282 2321 commissarum
1319 2246 1402 2337 sita,

168 2362 352 2461 Episcopi
377 2362 592 2438 visitationi
615 2362 695 2438 sint
716 2363 899 2461 subjecta,
916 2363 1163 2462 declaratque
1187 2362 1400 2462 Episcopos

161 2477 228 2578 jus
252 2479 394 2555 habere
411 2481 540 2578 quoad
563 2478 696 2554 omnia
712 2477 898 2554 visitandi
920 2479 1072 2554 scholas
1094 2479 1337 2578 parochiales
1362 2479 1400 2555 iu

167 2595 417 2672 missionibus
434 2603 474 2671 et
488 2596 675 2695 paroeciis
689 2595 933 2694 regularibus
949 2621 1071 2696 aeque
1083 2622 1127 2672 ac
1143 2595 1186 2672 in
1198 2596 1400 2673 saeculari-

165 2712 259 2805 bus,
296 2739 339 2788 ac
370 2715 540 2804 domum,
569 2712 692 2787 firmis
722 2712 1013 2787 remanentibus
1042 2711 1260 2812 privilegiis
1292 2739 1400 2813 regu-

165 2828 308 2904 larium
327 2832 454 2928 quoad
479 2837 625 2904 ceteras
646 2829 731 2927 jam
757 2836 903 2904 erectas
927 2829 1077 2905 scholas
1103 2836 1142 2904 et
1166 2830 1342 2930 collegia,
1361 2831 1400 2905 in

165 2945 305 3045 quibus
336 2946 508 3045 religiosi
539 2946 615 3020 viri
646 2948 857 3021 secundum
888 2946 1037 3021 ordinis
1066 2944 1127 3021 sui
1161 2948 1400 3046 praescripta

159 3061 359 3160 juventuti
406 3062 615 3138 catholicae
654 3061 888 3137 erudiendae
931 3087 1091 3161 operam
1125 3064 1219 3138 dare
1261 3065 1397 3156 solent,

165 3178 397 3253 “sodalibus
427 3179 620 3278 religiosis
655 3203 776 3253 novas
806 3178 880 3253 sibi
911 3181 1021 3253 sedes
1049 3179 1296 3273 constituere,
1328 3180 1397 3256 eri·

163 3297 289 3394 gendo
325 3321 445 3370 novas
480 3295 671 3388 ecclesias,
707 3296 966 3393 aperiendove
999 3295 1193 3388 coenobia,
1224 3296 1396 3397 collegia,

163 3412 325 3505 scholas,
345 3412 420 3487 nisi
438 3413 596 3488 obtenta
613 3412 723 3511 prius
740 3437 922 3510 expressa
938 3411 1095 3486 licentia
1112 3412 1303 3488 ordinarii
1327 3411 1397 3488 loci

162 3535 202 3604 et
219 3529 328 3604 Sedis
346 3529 607 3628 Apostolicae,
626 3555 704 3603 non
722 3528 877 3603 licere.'’
898 3611 899 3615 Ἰ

212 3646 272 3724 90.
308 3645 485 3746 Denique
515 3645 631 3721 tertio
664 3646 747 3720 loco
777 3647 827 3720 de
856 3646 1137 3743 temporalibus
1168 3646 1397 3723 missionum

161 3762 274 3837 bonis
305 3764 399 3838 haec
429 3762 602 3839 decernit
630 3762 878 3837 constitutio:
915 3769 936 3804 “
949 3784 977 3837 1.
1013 3762 1256 3838 Missionarii
1285 3788 1396 3862 regu·

162 3879 264 3955 lares
286 3882 478 3955 bonorum
502 3878 790 3977 temporalium,
808 3879 859 3953 ad
881 3879 986 3977 ipsos
1003 3905 1074 3978 qim
1089 3881 1272 3977 reputares
1293 3904 1394 3979 spec·

161 3996 342 4086 tantiam,
367 3996 559 4071 rationem
584 3994 789 4093 Episcopis
814 3996 976 4070 reddere
1001 4020 1080 4070 non
1105 4001 1299 4072 tenentur.
1354 4017 1396 4070 11.

163 4111 311 4187 Eorum
342 4121 472 4187 tarncn
504 4112 696 4186 bonorum
726 4137 826 4209 quae
855 4111 1031 4186 missioni
1061 4111 1125 4188 vel
1153 4113 1396 4211 regularibus

164 4230 298 4303 interitu
321 4233 498 4303 tarasconis
523 4227 671 4303 tributa
695 4228 863 4320 fuerunt,
882 4227 1065 4326 Episcopi
1086 4229 1153 4327 jus
1178 4230 1325 4305 habent
1350 4230 1396 4303 ab

161 4342 301 4420 iisdem
323 4344 579 4419 missionariis
599 4343 844 4442 regularibus
865 4369 986 4443 aeque
1003 4370 1047 4420 ac
1063 4372 1087 4420 a
1104 4345 1285 4444 parochis
1305 4343 1395 4420 cleri

163 4461 370 4535 saecularis
388 4461 579 4536 rationem
597 4460 812 4557 exigendi.”
864 4461 995 4559 Atque
1013 4462 1127 4561 juxta
1144 4462 1250 4562 leges
1268 4461 1394 4537 West·

198 4624 204 4655 ¹
216 4625 285 4678 Vide
298 4628 326 4678 iu
338 4628 488 4695 appendice,
502 4645 528 4694 p.
538 4628 594 4679 230.
