3142 5242
162 450 204 511 36
274 463 456 510 rirunus
484 462 647 511 11.-nn
676 463 885 510 ransonm
915 462 1284 511 acenesrasrrcrs.

159 612 274 712 stare,
294 619 433 718 quibus
451 618 637 693 senectuti
656 618 829 694 solamen
847 619 1031 694 afferatur
1048 619 1111 695 vel
1130 619 1265 694 morbo
1283 618 1397 693 citius

160 736 392 810 releventur.

212 851 272 928 71.
306 838 521 926 Statuimus
555 851 676 949 igitur
710 876 753 925 ac
787 853 1042 944 decernimus,
1079 859 1123 926 ut
1155 852 1197 925 in
1232 849 1397 950 siugulis

162 967 304 1042 nostris
347 967 584 1042 dioecesibus
632 966 828 1065 Episcopi,
870 967 968 1042 inito
1011 968 1122 1067 prius
1163 993 1253 1042 cum
1295 968 1396 1042 clero

162 1108 231 1159 suo
256 1081 428 1175 consili0,
453 1083 744 1182 quamprimum
768 1083 1008 1158 constituant
1032 1086 1168 1160 modos
1192 1083 1397 1182 mediaque

162 1206 392 1299 opportuna,
418 1199 558 1298 quibus
585 1198 759 1274 subsidia
784 1201 834 1274 ad
865 1201 1064 1274 decentem
1089 1199 1250 1274 illorum
1276 1224 1395 1274 sacer·

162 1318 298 1392 dotum
340 1314 663 1390 sustentationem
704 1315 932 1414 elargienda
969 1323 1125 1415 praesto
1168 1315 1395 1390 habeantur.

162 1432 287 1523 Quem
316 1431 359 1506 in
387 1432 506 1506 finem
536 1431 586 1506 ab
616 1431 809 1529 Episcopo
840 1431 1035 1507 aerarium
1065 1433 1129 1506 vel
1162 1458 1260 1531 gana
1288 1431 1396 1507 insti·

161 1555 304 1642 tuatur,
323 1546 508 1647 imposita
532 1555 624 1624 taxa
648 1547 814 1647 singulis
838 1549 1038 1648 paroeciis,
1056 1574 1156 1648 quae
1179 1556 1398 1647 opportuna

161 1664 368 1740 videbitur.
421 1663 526 1740 Huic
555 1663 740 1763 pecuniae
764 1663 880 1763 juxta
909 1690 1066 1740 normas
1092 1667 1195 1740 clare
1220 1664 1397 1740 definitas

162 1780 496 1857 administrandae
516 1779 738 1856 commissio
755 1781 1083 1881 presbyterorum,
1100 1780 1187 1880 ipso
1205 1780 1397 1880 Episcopo

162 1897 350 1998 praeside,
367 1905 644 1998 praeponatur.
708 1976 711 1983 ,

212 2013 254 2089 Si
274 2013 362 2113 quis
379 2039 471 2089 vero
489 2015 719 2114 Episcopus,
738 2016 789 2090 ob
814 1995 1035 2115 frequentes
1060 2016 1111 2091 ad
1136 2016 1328 2115 populum
1351 2015 1398 2091 de

162 2129 327 2231 pecunia
351 2130 645 2229 appellationes,
666 2131 768 2206 hanc
792 2155 937 2206 novam
962 2137 1095 2206 taxam
1120 2130 1397 2231 imponendam

163 2271 241 2323 non
270 2272 355 2323 esse
378 2246 625 2346 judicaverit,
651 2249 702 2322 ab
729 2247 937 2346 aequitatis
967 2271 1012 2322 ac
1034 2246 1213 2346 justitiae
1243 2248 1397 2323 tramite

162 2363 333 2440 alienum
370 2389 448 2439 non
482 2363 568 2458 erit,
602 2370 735 2439 tanam
778 2389 951 2438 annuam
993 2362 1173 2463 ipsismet
1214 2363 1398 2440 dioecesis

163 2479 424 2556 sacerdotibus
441 2479 653 2579 imponere,
671 2505 749 2579 qua
766 2480 913 2579 singuli
936 2504 1008 2579 pro
1025 2487 1113 2555 rata
1129 2478 1263 2556 salarii
1286 2505 1397 2579 pecu·

163 2595 270 2672 niam
289 2596 549 2673 contribuant.

213 2713 359 2788 Modus
382 2713 484 2788 alius
509 2714 730 2813 praedictae
756 2713 975 2790 necessitati
1001 2712 1263 2813 prospiciendi
1289 2713 1332 2790 in
1354 2738 1397 2790 eo

163 2837 233 2924 est,
259 2835 304 2905 ut
328 2829 489 2904 societas
515 2831 642 2906 mutui
668 2830 832 2906 subsidii
860 2830 963 2905 inter
988 2831 1235 2930 presbyteros
1259 2829 1398 2906 consti-

163 2953 307 3040 tuatur,
341 2971 441 3045 quae
483 2946 645 3021 societas
688 2947 830 3022 aerarii
873 2972 941 3022 seu
974 2947 1160 3047 pecuniae
1197 2954 1398 3045 congestae

164 3062 555 3156 administrationem,
570 3056 665 3138 item
684 3063 877 3161 Episcopo
895 3062 1084 3161 praeside,
1098 3062 1258 3138 curabit.
1296 3061 1397 3137 Huic

165 3177 337 3254 societati
359 3177 623 3278 unusquisque
644 3181 821 3254 sacerdos
839 3177 1004 3254 dioecesi
1021 3178 1240 3276 adscriptus
1258 3202 1396 3253 nomen

165 3297 258 3370 dare
276 3303 472 3391 urgeatur.

475 3478 493 3571 ᾗ
520 3477 555 3549 4.
593 3477 650 3550 De
676 3476 924 3551 Sacerdotibus
949 3476 1090 3576 Lepsia.

215 3642 276 3719 72.
301 3641 362 3716 Ex
375 3641 545 3740 lugenda
562 3640 680 3716 nimis
697 3641 891 3717 humanae
905 3649 1067 3717 naturae
1079 3640 1301 3740 fragilitate,
1316 3665 1396 3717 nec·

166 3783 243 3833 non
262 3758 428 3833 Satanae
444 3757 669 3851 tantatione,
688 3783 766 3857 qua
782 3757 951 3833 maxime
971 3756 1184 3832 Salvatoris
1201 3757 1398 3833 ministros

165 3898 319 3973 semper
335 3874 535 3972 expetivit,
555 3879 600 3948 ut
615 3899 681 3949 eos
698 3872 810 3973 quasi
827 3873 1002 3949 triticum
1018 3873 1214 3966 cribraret,
1228 3873 1398 3972 quando·

165 4016 240 4090 que
255 3991 310 4083 fit,
329 3992 428 4089 proh
446 3991 578 4066 dolor!
603 3988 705 4065 utin
723 4016 768 4065 eo
786 3989 854 4089 qui
871 3992 922 4065 ad
939 3988 1216 4065 sacerdotalem
1233 3989 1399 4088 dignita·

165 4113 245 4182 tem
262 4113 418 4182 evectus
434 4106 519 4200 fuit,
538 4132 584 4181 ea
600 4106 705 4182 vitae
722 4107 962 4181 conversatio
980 4104 1211 4198 inveniatur,
1225 4131 1327 4204 quae
1338 4104 1399 4180 vel

166 4230 290 4300 status
324 4223 521 4298 sanctitati
560 4247 605 4298 ac
637 4222 811 4297 muneris
844 4223 1040 4298 fructuoso
1073 4221 1305 4317 ministerio,
1338 4220 1399 4296 vel

166 4338 408 4414 obedientiae
433 4339 586 4415 debitae
616 4346 656 4414 et
684 4338 779 4414 recti
806 4338 956 4414 ordinis
984 4337 1139 4431 rationi,
1166 4337 1291 4438 planev
1314 4363 1399 4414 con·

166 4455 288 4531 traria
317 4455 380 4533 sit.
449 4456 576 4549 Unde,
602 4481 653 4531 ne
681 4455 749 4555 qui
777 4456 911 4530 fideles
940 4453 983 4530 in
1013 4452 1156 4528 Christi
1188 4454 1400 4529 Ecclesiam

168 4573 368 4648 aedificare
385 4573 553 4665 deberet,
571 4572 627 4647 eis
645 4572 746 4670 lapis
765 4571 936 4646 scandali
954 4570 1007 4646 sit
1028 4571 1069 4644 in
1088 4571 1398 4663 destructionem,
