3142 5242
476 417 530 463 on
560 417 859 464 serscoronun
888 417 1091 465 orrrcrrs.
1337 404 1401 465 153

164 575 446 675 impedimenta
471 599 570 673 quac
593 573 767 649 libertati
794 573 988 649 Ecclesiae
1014 582 1053 649 et
1077 575 1268 649 bonorum
1294 600 1399 649 secu·

164 691 272 767 ritati
286 716 308 767 e
320 690 471 790 legibus
483 690 664 766 civilibus
677 689 867 784 oriuntur,
881 690 945 766 vel
958 698 1215 766 amoveantur
1227 716 1399 790 prorsus,

164 808 227 882 vel
240 807 283 882 in
296 813 486 907 quantum
499 805 582 882 fieri
596 813 726 906 potest
737 806 1002 883 minuantur.”
1059 806 1189 906 (Ibid,
1203 806 1242 881 N
1244 832 1277 881 o.
1292 807 1395 907 200.)
1490 900 1493 905 ³

212 925 299 1000 267.
335 923 384 999 In
418 923 592 998 Statibus
625 922 667 998 iu
700 923 842 1022 quibus
874 922 1002 999 civilis
1032 923 1306 1024 parochiarum
1336 922 1399 998 vel

164 1049 343 1117 coetuum
366 1039 711 1116 ecclesiasticorum
736 1039 996 1140 incorporatio
1022 1040 1160 1140 legalis
1187 1066 1285 1140 quae
1310 1065 1399 1116 cum

166 1157 316 1256 legibus
349 1156 616 1233 ecclesiasticis
648 1159 863 1250 concordet,
898 1182 977 1232 non
1011 1156 1153 1250 existit,
1183 1157 1400 1256 Episcopus

163 1272 340 1373 ipsemet,
366 1274 451 1373 lege
475 1273 518 1349 in
543 1273 712 1350 comitiis
744 1274 915 1367 ferenda,
941 1298 1080 1373 corpus
1105 1273 1305 1373 publicum
1332 1299 1400 1349 seu

164 1416 331 1490 persona
360 1390 520 1467 moralis
554 1392 805 1492 (Corporation
833 1392 921 1491 sole)
954 1389 1137 1466 constitui
1172 1390 1316 1490 poterit
1349 1392 1401 1466 ad

164 1507 266 1582 bona
282 1507 402 1583 totius
419 1506 604 1582 dioecesis
620 1507 801 1583 habenda
817 1513 858 1582 et
874 1506 1205 1601 administranda3
1233 1507 1297 1582 vel
1315 1514 1399 1606 pot·

164 1630 281 1700 erunt
304 1623 426 1699 simili
450 1623 536 1722 lege
553 1622 737 1699 dioecesis
762 1624 866 1698 bona
890 1622 1082 1699 committi
1108 1622 1293 1723 Episcopi
1310 1622 1401 1699 fidei

165 1741 229 1836 (In
247 1743 355 1840 trust)
385 1747 431 1816 ut
454 1742 590 1815 eadem
617 1739 775 1815 nomine
800 1739 1016 1816 dioeceseos
1032 1747 1165 1816 teneat
1181 1740 1223 1815 in
1240 1741 1402 1839 ejusque

163 1856 309 1932 bonum
320 1856 437 1956 juxta
453 1863 624 1932 mentem
648 1855 844 1932 Ecclesiae
860 1855 1128 1949 administret3
1154 1857 1218 1932 vel
1235 1856 1401 1956 denique

165 1971 382 2073 Episcopus
423 1973 526 2049 bona
576 1973 791 2049 dioeceseos
841 1973 1074 2071 tomporalia
1123 1973 1322 2073 possideat
1362 1979 1401 2050 ct

165 2089 414 2166 administret
446 2089 604 2165 nomine
637 2114 707 2164 suo
742 2088 913 2189 proprio,
943 2088 1013 2164 illo
1048 2114 1189 2188 nempe
1222 2090 1400 2166 absoluto

164 2206 357 2307 plenoque
376 2206 480 2305 juris
504 2205 631 2300 titulo,
649 2205 718 2306 qui
743 2205 895 2304 anglice
914 2213 1075 2281 vocatur
1099 2208 1140 2281 in
1156 2207 1226 2305 fee
1248 2208 1400 2306 cuppla·

163 2347 241 2422 quo
257 2321 300 2397 in
317 2348 410 2398 casu
426 2321 643 2421 Episcopus
660 2321 820 2397 omnino
837 2346 989 2397 memor
1005 2321 1068 2416 sit,
1082 2347 1134 2415 se,
1148 2322 1399 2422 quantumvis

164 2464 188 2516 a
204 2447 397 2538 potestate
413 2437 601 2513 saeculari
626 2438 788 2538 plenum
814 2437 1158 2513 ecclesiasticarum
1174 2463 1307 2513 rerum
1325 2438 1400 2514 sibi

165 2556 300 2630 datum
326 2555 445 2630 fuerit
469 2553 698 2646 dominium,
726 2580 774 2629 ex
799 2579 997 2629 sacrorum
1023 2579 1216 2630 canonum
1248 2553 1400 2630 monitu

146 2671 368 2758 ,dominum
410 2695 546 2746 earum
590 2695 668 2745 non
709 2695 804 2764 esso,
839 2672 908 2745 sed
950 2695 1056 2746 mere
1096 2679 1397 2769 procuratorem.

168 2786 226 2888 (C.
246 2787 528 2862 Frateruitatem
543 2790 579 2879 2,
600 2789 648 2862 de
667 2787 821 2882 Donat,
839 2787 865 2863 l.
885 2809 932 2863 11.
952 2787 1119 2886 Decret.)

214 2904 300 2979 268.
336 2902 397 2978 Ne
422 2928 595 3002 unquam
621 2905 724 2979 bona
747 2903 870 2978 cultui
896 2902 1031 2978 divino
1047 2903 1201 3004 piisque
1217 2905 1400 3004 operibus

163 3019 292 3097 dicata
317 3021 368 3094 ad
393 3019 491 3095 alios
516 3045 610 3095 usus
635 3019 890 3112 divertuntur,
911 3019 1120 3096 statuimus
1146 3045 1191 3095 ac
1218 3021 1400 3096 omnibus

163 3137 329 3212 istarum
346 3135 635 3234 provinciarum
653 3135 857 3235 Episcopis
874 3135 916 3211 in
935 3136 1104 3212 Domino
1127 3136 1398 3236 praecipimus,

165 3258 210 3328 ut
234 3253 380 3350 duplex
403 3276 535 3327 rerum
568 3251 832 3327 inventarium
860 3252 936 3328 rite
963 3253 1179 3328 confectum
1208 3253 1397 3347 habeant3

164 3393 288 3445 unum
313 3367 356 3443 in
381 3393 458 3467 quo
483 3394 546 3444 res
571 3393 707 3444 omnes
723 3368 1010 3462 ecclesiasticae,
1029 3394 1125 3468 quas
1142 3368 1226 3444 sive
1243 3370 1399 3446 nomine

165 3483 324 3584 proprio
346 3485 401 3583 (in
417 3486 486 3584 fec
508 3486 664 3586 simple),
683 3484 745 3560 vel
771 3510 864 3561 suae
885 3484 975 3560 fidei
998 3485 1226 3561 commissas
1242 3486 1399 3564 nominc

165 3600 333 3676 aliorum
365 3601 421 3700 (io
449 3608 572 3700 trust),
598 3601 662 3676 vel
692 3601 766 3677 soli
797 3608 842 3677 ut
867 3627 1007 3701 corpus
1034 3602 1182 3678 morale
1217 3603 1397 3703 (corpora-

167 3720 243 3793 ἤθη
270 3719 357 3817 sou)
391 3717 604 3817 possident,
630 3726 805 3794 accurate
832 3717 1124 3810 describantur3
1160 3718 1328 3796 alterum
1356 3719 1399 3796 in

164 3857 241 3934 quo
266 3859 329 3909 res
354 3859 448 3908 suae
471 3834 653 3933 propriae
675 3835 863 3935 (pascunt
877 3836 1066 3935 property)
1096 3861 1217 3935 aeque
1234 3836 1400 3911 fideliter

166 3958 360 4026 notentur.
413 3950 500 4025 Hac
540 3950 646 4027 enim
688 3950 840 4026 ratione
881 3950 1029 4050 optime
1070 3953 1120 4027 de
1162 3952 1275 4028 bonis
1316 3960 1399 4029 tam

166 4065 360 4142 Ecclesiae
373 4092 491 4168 quam
506 4066 788 4166 Episcoporum
801 4067 886 4143 sine
902 4068 983 4143 ullo
1001 4067 1236 4142 confusionis
1250 4075 1289 4143 ct
1301 4094 1399 4168 quae

165 4183 257 4258 iude
273 4184 383 4283 sequi
405 4192 537 4283 posset
558 4185 806 4258 scandalosae
829 4183 1086 4259 contentionis
1106 4191 1174 4260 aut
1191 4184 1399 4283 sacrilegae

166 4299 412 4376 alienationis
428 4299 600 4399 periculo
617 4299 818 4400 provisum
836 4300 921 4375 erit.
975 4300 1062 4375 “Et
1080 4300 1234 4398 justum
1252 4308 1312 4376 est
1327 4301 1400 4377 hoc

166 4419 272 4514 apud
299 4416 428 4492 Deum
452 4422 494 4494 et
517 4416 706 4510 homines,
731 4423 776 4492 ut
810 4441 880 4492 nec
913 4417 1087 4491 Ecclesia
1120 4417 1398 4494 detrimentum

166 4531 339 4631 patiatur
362 4532 606 4631 ignoratione
630 4558 762 4607 rerum
792 4532 986 4632 Episcopi,
1005 4559 1074 4606 noc
1101 4532 1318 4632 Episcopus
1335 4534 1398 4609 vel
