3142 5242
169 454 213 518 38
283 470 466 516 TITULUS
495 470 659 517 11.—1>E
688 470 898 517 Pnnsoxls
927 468 1291 516 ncchnsmsnlcffi.

168 650 239 724 pro
258 626 466 702 sacerdotis
489 626 780 718 sustentatione,
799 626 882 701 sive
904 626 945 700 in
969 624 1091 725 priori
1108 625 1192 700 sive
1215 624 1257 699 in
1280 625 1402 700 altero

166 766 260 818 casu
275 743 473 842 requisita,
491 743 709 841 colligenda
728 742 792 836 sit,
817 742 860 817 id
882 742 1166 841 Episcoporum
1188 740 1230 815 in
1255 742 1402 840 synodo

168 857 251 933 sive
267 858 497 957 provinciali
514 860 597 934 sive
614 859 840 934 dioecesana
853 865 1175 957 congregatorum
1189 856 1403 931 sententiae

165 974 466 1074 relinquendum
483 1001 567 1051 esse
584 1000 796 1050 censemus.

217 1090 278 1168 73.
322 1090 554 1167 Laetissimo
595 1099 698 1166 certe
739 1090 871 1166 animo
913 1090 1146 1185 audivimus,
1186 1089 1312 1165 literis
1354 1088 1403 1164 ab

168 1207 299 1283 Illmo.
318 1207 506 1306 Delegabo
524 1208 750 1307 Apostolico
777 1209 828 1283 ad
852 1208 986 1307 plures
1012 1208 1205 1284 Ordinum
1232 1206 1401 1305 Religio·

167 1349 300 1399 sorum
342 1324 569 1423 Superiores
611 1325 742 1399 missis
783 1325 913 1400 fausta
952 1349 1141 1423 responsa
1172 1325 1267 1398 data
1308 1347 1401 1415 esse,

167 1440 307 1540 quibus
337 1449 494 1540 paratos
524 1467 565 1517 se
594 1443 782 1541 praebent
811 1442 863 1516 ad
895 1440 1136 1539 recipiendos
1165 1441 1217 1516 ad
1247 1446 1401 1538 tempus

166 1557 207 1632 in
235 1559 371 1633 domos
401 1583 491 1632 suas
521 1560 749 1650 sacerdotes
776 1583 875 1657 quos
903 1556 1088 1656 Episcopi
1113 1554 1401 1631 reforma-tionis

166 1698 282 1749 causa
306 1674 461 1750 mittere
477 1674 613 1749 velint.
659 1673 817 1749 Gratias
841 1699 914 1773 pro
934 1681 1045 1749 tanto
1064 1673 1198 1748 favore
1214 1673 1401 1748 debemus

167 1789 292 1865 Rmis.
310 1790 531 1865 Abbatibus
549 1790 867 1865 cisterciensibus
884 1788 932 1865 B.
950 1788 1102 1864 Mariae
1117 1789 1167 1864 de
1184 1787 1344 1888 Trappa
1358 1786 1398 1862 in

166 1905 432 2000 Gethsemani‚
453 1913 494 1982 et
517 1907 560 1982 in
586 1906 783 2000 Tracadic‚
804 1906 920 1982 Nova
944 1905 1084 1998 Sectis,
1105 1929 1255 1980 necnon
1282 1906 1399 1980 Adm.

166 2021 262 2098 Rev.
294 2022 423 2098 Priori
459 2023 651 2098 Abbatiae
685 2022 991 2122 Neo-Melleray,
1021 2023 1196 2120 ejusdem
1229 2021 1397 2114 ordinis;

164 2144 248 2212 tum
273 2137 387 2213 Rmo.
410 2139 558 2214 Abbati
581 2140 626 2215 Ο.
647 2139 685 2213 S.
708 2138 755 2214 B.
776 2140 882 2237 apud
905 2139 940 2213 S.
963 2137 1156 2213 Joannem
1179 2137 1220 2212 in
1246 2137 1397 2212 Minne·

163 2256 269 2347 'sota3
296 2280 444 2330 necnon
466 2257 583 2330 Adm.
603 2255 700 2333 Res.
718 2255 848 2331 Priori
869 2255 914 2330 Ο.
933 2255 971 2329 S.
991 2254 1037 2329 B.
1059 2278 1182 2352 prope
1201 2252 1397 2329 civitatem

164 2369 278 2465 Erie;
313 2377 399 2446 tum
429 2373 548 2447 Adm.
578 2371 673 2448 Rev,
704 2371 942 2447 Provinciali
972 2368 1014 2446 O.
1042 2369 1087 2445 P.
1118 2370 1160 2445 in
1192 2367 1396 2462 Hoboken,

163 2485 202 2562 N
205 2488 350 2580 ·Caes.;
382 2489 502 2564 Adm.
527 2488 624 2564 Rev,
643 2486 880 2563 Provinciali
906 2487 951 2564 Ο.
978 2487 1016 2564 S.
1041 2486 1098 2580 F„
1124 2487 1164 2563 S.
1189 2485 1395 2578 Ludovioi;

162 2628 310 2679 necnon
333 2604 433 2680 Ven.
457 2603 696 2680 Provinciali
720 2604 907 2679 Fratrum
929 2603 1212 2679 Alexianorum
1237 2602 1280 2678 in
1307 2600 1394 2677 Chi·

162 2744 278 2818 cago;
305 2721 475 2796 maxime
495 2746 587 2796 vero
610 2720 724 2796 Rmo.
741 2719 1029 2795 Archi-Abbati
1050 2719 1252 2794 Bonifacio
1270 2717 1396 2793 Wim·

162 2859 256 2929 mer,
275 2836 319 2912 O.
338 2837 376 2911 S.
396 2837 454 2930 B„
474 2838 580 2935 apud
599 2837 637 2911 S.
656 2835 919 2928 Vincentium,
937 2835 1005 2935 qui
1027 2843 1073 2910 ut
1090 2834 1134 2909 in
1151 2833 1395 2933 praecedenti

162 2951 333 3027 Concilio
368 2952 549 3028 Plenario
592 2953 766 3051 aliasque
806 2952 864 3027 ita
904 2959 944 3028 et
986 2977 1090 3027 nunc
1131 2959 1315 3052 paratum
1357 2975 1396 3027 se

162 3068 327 3159 exhibet,
353 3069 468 3144 certis
493 3069 658 3144 servatis
687 3068 983 3162 conditionibus,
1008 3070 1171 3143 domum
1196 3068 1288 3143 huic
1313 3093 1394 3167 spe·

162 3182 250 3258 ciali
270 3184 339 3259 fini
360 3185 605 3279 destinatam,
627 3186 678 3260 ad
698 3211 816 3284 quam
837 3187 1055 3260 sacerdotes
1075 3183 1290 3260 miserandi
1310 3209 1394 3260 con·

162 3300 295 3398 fugere
312 3301 474 3400 possint,
492 3301 640 3400 erigere
657 3327 702 3377 ac
718 3301 1004 3378 administrare.

213 3416 433 3492 Maximum
466 3418 539 3493 hoc
564 3425 720 3493 nostrae
745 3417 1018 3494 sollicitudinis
1044 3417 1246 3519 negotium
1273 3418 1394 3495 absol·

162 3558 253 3608 vere
270 3558 348 3608 non
365 3559 584 3633 possumus,
603 3534 698 3634 quin
715 3559 851 3610 omnes
868 3545 1090 3611 nostrarum
1107 3534 1394 3635 provinciarum

163 3648 380 3747 Religiosos
408 3650 584 3725 virorum
617 3650 774 3726 ordines
806 3658 889 3726 toto
918 3651 1045 3727 cordis
1079 3653 1220 3727 affectu
1252 3652 1392 3728 iterum

161 3762 426 3863 imploremus,
447 3773 493 3842 ut
514 3791 630 3842 omne
650 3768 757 3867 quod
776 3768 911 3841 valent
932 3767 1122 3842 auxilium
1142 3765 1185 3842 in
1208 3767 1282 3843 hoc
1300 3768 1392 3843 cari·

163 3879 254 3971 tatis
276 3882 523 3956 sacerdotalis
547 3908 663 3982 opere
684 3881 808 3958 Nobis
831 3890 1039 3980 praestent,
1060 3907 1132 3982 pro
1157 3884 1297 3982 majori
1322 3883 1391 3959 Dei

161 4003 200 4070 ct
218 3994 410 4071 Ecclesiae
430 3997 571 4072 Matris
589 3999 748 4075 honore.
