3142 5242
222 455 264 518 50
333 470 515 517 TITULUS
544 471 706 518 11.-1›n
735 472 945 518 PERSONIS
975 470 1345 517 ECCLESIASTICIS.

221 625 301 700 sint
343 627 481 726 plenae
519 626 781 725 jurisdictioni
817 627 1014 703 Ordinarii
1057 626 1130 702 loci
1173 625 1214 700 in
1248 651 1325 725 quo
1366 633 1459 701 sunt

221 749 378 818 erectae.

269 858 408 948 Quoad
436 868 528 935 vota
557 887 649 936 vero
685 863 736 936 ad
770 867 924 959 tempus
959 860 1000 936 in
1034 861 1096 935 his
1128 859 1377 950 dioecesanis,
1409 860 1458 934 de

221 974 360 1072 quibus
385 976 525 1074 agitur,
543 976 735 1052 institutis
761 976 914 1070 emissa,
933 976 1118 1075 Episcopi
1144 976 1328 1050 facultate
1354 976 1456 1049 ordi·

220 1090 341 1184 naria,
370 1094 499 1190 quoad
534 1100 625 1167 vota
663 1101 851 1191 perpetua
885 1101 1016 1167 autem
1055 1092 1220 1190 (ratione
1253 1091 1337 1166 voti
1371 1116 1456 1189 per·

220 1214 358 1305 petuae
392 1208 580 1283 castitatis
623 1210 661 1284 S.
696 1208 787 1283 Sedi
825 1209 1028 1308 reservati)
1068 1207 1224 1283 nonnisi
1265 1215 1457 1306 potestate

221 1323 408 1422 delegata,
436 1351 535 1423 quae
563 1325 784 1401 continetur
816 1325 858 1400 in
893 1325 1142 1400 facultatibus
1172 1324 1210 1399 S.
1238 1323 1381 1423 Congr.
1408 1325 1456 1398 de

221 1439 338 1538 Prop.
370 1441 467 1516 Fide
497 1441 653 1516 concedi
687 1441 823 1535 solitis,
855 1442 987 1516 Form.
1020 1464 1059 1535 1.,
1092 1467 1131 1517 n.
1162 1442 1200 1533 4,
1230 1441 1457 1538 dispensare

220 1566 393 1654 possunt,
421 1557 454 1631 si
485 1557 560 1655 ipsi
590 1583 730 1656 graves
754 1558 925 1632 rationes
956 1557 1014 1633 ita
1038 1558 1191 1656 exigere
1214 1581 1345 1632 coram
1374 1555 1456 1630 Deo

217 1671 489 1770 judicaverint,
518 1674 747 1772 praehabita
772 1680 905 1749 tamen
934 1674 1120 1772 petitione
1146 1672 1368 1771 Superioris
1393 1671 1456 1746 vel

221 1788 505 1886 superiorissae
525 1789 854 1865 consentientibus
877 1791 961 1889 ejus
984 1789 1227 1882 consiliariis,
1245 1813 1296 1863 ne
1312 1787 1458 1863 scilicet

222 1904 460 2003 dispensatio
478 1908 577 1981 forte
595 1907 648 1980 sit
663 1905 705 1980 in
723 1907 828 2005 praej
836 1907 1005 1981 udicium
1022 1905 1141 1982 tertii.

272 2022 332 2097 94.
368 2023 434 2097 Ad
460 2022 719 2097 eliminandos
744 2021 808 2097 vel
835 2023 1122 2121 praecavendos
1148 2023 1292 2098 abusus
1318 2022 1386 2123 qui
1415 2021 1457 2097 iu

222 2138 402 2213 domibus
436 2163 614 2213 sororum
648 2163 696 2212 ex
730 2138 959 2213 commercio
992 2164 1081 2214 cum
1116 2141 1312 2214 extraneis
1345 2139 1457 2214 facile

222 2262 444 2347 nascuntur,
465 2254 649 2352 jubemus
675 2261 719 2329 ut
743 2253 875 2329 stricte
900 2262 1056 2330 servent
1080 2280 1168 2330 eam
1193 2255 1456 2346 solitudinem,

222 2397 321 2470 quae
345 2370 402 2445 eis
428 2370 597 2469 propriis
627 2370 774 2469 regulis
798 2369 862 2445 vel
888 2370 1227 2446 constitutionibus
1256 2378 1318 2446 est
1346 2396 1455 2470 prae·

222 2486 377 2585 scripta,
408 2486 465 2561 ita
495 2493 540 2561 ut
568 2487 618 2561 ob
647 2511 760 2561 suam
790 2487 1012 2561 clausuram
1039 2490 1220 2587 passivam
1248 2488 1456 2579 neminem,

222 2602 319 2677 citra
341 2602 627 2677 ordinationem
651 2604 808 2701 regulae
825 2601 888 2677 vel
906 2601 1105 2678 Ordinarii
1127 2602 1337 2697 licentiam,
1354 2604 1457 2678 clau·

223 2727 348 2793 strum
391 2744 506 2794 suum
548 2718 702 2818 ingredi
745 2719 807 2794 vel
855 2718 895 2792 in
940 2745 984 2793 oo
1027 2718 1172 2794 morari
1214 2720 1456 2818 permittant.

224 2835 381 2909 Etenim
411 2834 614 2910 “maxime
641 2834 803 2911 interest
832 2842 877 2910 ut
903 2835 1076 2933 virgines
1104 2835 1188 2910 Deo
1215 2837 1457 2933 mancipatae

224 2951 273 3025 ab
298 2950 406 3025 omni
433 2954 631 3026 mundano
657 2950 850 3026 consortio
876 2960 1077 3049 separatae
1099 2950 1273 3043 vivant‚’'
1295 2949 1458 3050 ideoque

224 3067 440 3165 “proprius
457 3092 592 3142 earum
611 3067 827 3165 Episcopus
845 3067 937 3165 jure
953 3067 1169 3165 meritoque
1190 3067 1338 3167 poterit
1360 3067 1458 3142 hanc

222 3182 350 3281 ipsam
368 3183 570 3258 clausurae
586 3182 712 3281 legem
729 3182 967 3281 injungere.''
1024 3185 1077 3282 (S.
1096 3183 1246 3258 Poenit.
1265 3185 1392 3282 1821.)

272 3300 333 3374 95.
378 3299 467 3373 Nou
501 3306 656 3373 tantum
690 3299 847 3398 passiva
884 3299 979 3374 haec
1011 3300 1202 3393 clausura,
1235 3300 1306 3375 sed
1339 3300 1456 3374 etiam

224 3419 342 3490 actico
358 3423 548 3514 quantum
571 3414 655 3490 fieri
680 3423 818 3513 potest,
837 3417 1029 3490 servanda
1045 3422 1125 3508 est;
1151 3415 1315 3514 ideoque
1331 3417 1457 3490 denuo

224 3556 356 3606 severe
385 3532 639 3629 reprobamus
673 3532 787 3606 illum
822 3533 997 3624 abusum,
1029 3557 1106 3631 quo
1140 3532 1330 3607 moniales
1364 3557 1457 3606 non·

225 3648 356 3722 nullae
390 3649 441 3722 ad
474 3648 712 3746 colligendas
746 3648 1010 3748 eleemosynas
1052 3648 1262 3746 aliquando
1296 3649 1457 3723 circum·

224 3771 381 3839 cursant
404 3760 443 3838 et
465 3788 580 3862 saepe
597 3764 648 3839 ad
671 3764 755 3839 loca
772 3763 972 3839 divertunt
994 3765 1044 3839 ab
1060 3790 1196 3840 earum
1213 3763 1458 3839 monasteriis

224 3887 384 3973 remota,
413 3905 491 3955 non
521 3879 606 3955 sine
634 3878 808 3955 scandali
834 3886 875 3956 et
900 3880 1113 3955 vocationis
1139 3880 1345 3978 religiosae
1373 3903 1457 3979 per·

225 3998 375 4072 dendae
391 3996 573 4094 pericula.
610 3996 837 4072 Ordinarios
854 3996 1069 4088 hortamur,
1083 4003 1129 4072 ut
1144 3997 1187 4072 id
1203 4022 1282 4071 non
1299 3996 1457 4095 permit·

224 4120 311 4187 tant
336 4113 420 4186 sine
437 4112 663 4188 necessariis
688 4120 729 4187 et
753 4113 1010 4210 prudentibus
1035 4112 1383 4212 praecautionibus,
1403 4111 1458 4188 uti

225 4236 318 4303 sunt
333 4228 575 4327 praesertim,
594 4253 643 4303 ne
666 4255 838 4327 unquam
855 4230 971 4323 solae,
990 4255 1060 4304 nec
1079 4230 1267 4327 juniores,
1285 4255 1355 4304 nec
1372 4235 1460 4329 post

225 4345 318 4419 solis
344 4369 533 4439 occasum,
551 4345 816 4442 eleemosynas
836 4345 1017 4443 colligere
1042 4345 1330 4443 permittantur,
1350 4344 1458 4420 etita

227 4467 280 4553 ut,
306 4460 374 4536 ubi
404 4459 489 4536 fieri
514 4467 654 4559 potest,
678 4459 722 4535 in
747 4462 863 4535 domo
889 4485 1066 4535 sororum
1092 4485 1184 4535 suae
1209 4460 1273 4536 vel
1299 4462 1459 4535 alterius

225 4576 533 4674 congregationis
550 4583 786 4674 pernoctent.
832 4577 921 4651 Hae
933 4601 1025 4651 vero
1043 4579 1335 4675 praecautiones
1353 4602 1457 4651 aecu-
