3142 5242
423 481 566 527 ccusr.
596 465 826 527 “aonauos
856 463 1152 530 1011111011.”
1338 470 1398 532 221

166 635 303 701 Patrum
331 637 645 723 Augustiuiauorum
674 637 715 702 de
743 660 828 703 nova
856 639 1000 725 paroecia
1031 639 1144 704 iisdem
1174 641 1371 707 concedenda
1380 640 1400 673 ’⁹

164 741 517 827 rescripsit-negative
542 750 573 806 et
597 741 790 828 amplius-.
834 742 894 808 Sin
916 752 1034 826 autem,
1058 743 1146 830 quod
1168 745 1306 810 secundo
1329 746 1401 811 loco

164 844 341 930 posuimus,
356 867 444 910 mera
458 846 566 910 missio
580 845 723 932 erigitur,
739 845 790 910 ius
803 855 885 911 certe
898 869 964 911 non
986 847 1075 911 obest
1096 847 1252 933 religiosis
1267 848 1347 914 viris
1362 872 1402 915 ne

165 947 326 1014 intereos
352 949 489 1037 eligatur
513 959 615 1014 rector
626 975 636 1033 3
664 958 714 1015 ast
741 973 783 1015 ne
811 951 851 1014 iis
876 950 1007 1038 quidem
1035 951 1187 1038 praeferri
1216 953 1401 1039 optantibus

164 1052 368 1141 suffragatur.
428 1053 511 1119 Rem
540 1055 647 1141 itaque
675 1053 833 1140 integram
865 1063 897 1119 et
928 1054 963 1119 in
996 1077 1055 1120 sua
1082 1064 1236 1141 potestate
1264 1057 1400 1142 positam

164 1157 353 1244 aggrediens
375 1157 563 1244 Episcopus,
586 1157 732 1222 libertate
753 1180 812 1223 sua
834 1167 945 1223 utatur
965 1167 1090 1245 oportet
1101 1184 1111 1242 ;
1139 1159 1196 1224 ubi
1222 1159 1307 1224 enim
1331 1160 1402 1226 iura

164 1260 270 1344 silent,
291 1261 360 1327 loco
382 1261 462 1348 legis
483 1270 530 1327 est
552 1261 713 1326 Praesulis
733 1262 923 1345 auctoritas3
945 1264 1131 1349 praesertim
1152 1286 1229 1329 vero
1251 1263 1348 1350 quod,
1364 1273 1402 1329 ut

164 1363 333 1430 doctorum
348 1364 411 1430 fert
423 1364 585 1452 adagium,
600 1365 780 1452 Episcopus
793 1366 985 1429 intentiorwm
998 1366 1087 1430 turbet
1099 1367 1136 1430 in
1148 1368 1216 1431 iure
1227 1367 1402 1452 fundatam

165 1468 200 1533 in
215 1469 310 1534 rebus
329 1470 489 1553 omnibus,
503 1492 586 1557 quae
605 1468 648 1535 ad
668 1469 837 1535 dioecesim
858 1492 950 1535 suam
970 1470 1256 1536 administrandam
1277 1471 1399 1538 attinet

165 1573 384 1652 Quamobrem
400 1574 554 1661 praelatio
568 1571 675 1662 quoad
696 1596 815 1639 novam
834 1574 1028 1656 missionem,
1042 1597 1062 1639 a
1076 1574 1292 1661 Regularibus
1305 1598 1401 1662 expe-

165 1677 235 1760 tita,
249 1687 307 1743 aut
328 1678 419 1743 nullo
441 1678 521 1743 iuris
542 1677 685 1743 subsidio
707 1675 850 1761 fulcitur,
864 1687 922 1743 aut
942 1678 977 1741 in
999 1677 1150 1743 disertam
1172 1679 1252 1744 iuris
1265 1678 1402 1766 disposi-
1445 1732 1449 1739 .

165 1781 286 1846 tionem
301 1782 445 1849 offendit.

209 1885 362 1952 Officium
383 1887 556 1952 curationis
577 1887 758 1952 animarum
779 1885 941 1952 sedulitati
964 1886 1175 1973 Regularium
1197 1888 1400 1952 commissum

164 1989 244 2055 alias
258 1991 354 2070 etiam
368 1990 582 2056 dubitationes
601 1991 707 2078 gignit
715 2017 724 2074 ;
747 2013 864 2078 eaeque
883 1991 952 2056 loca
971 1999 1113 2077 spectant
1127 1991 1245 2057 finibus
1259 2015 1401 2078 compre-

165 2093 264 2159 hensa
277 2095 465 2159 missionum
480 2117 562 2182 quae
574 2095 615 2159 ab
627 2095 705 2181 ipsis
719 2103 887 2181 reguntur,
929 2094 1043 2180 Coepit
1056 2095 1142 2159 enim
1156 2095 1277 2181 ambigi
1291 2104 1403 2163 utrum.

165 2198 350 2264 coemeteria
375 2208 407 2263 et
431 2200 486 2285 pia
507 2198 586 2282 lom,
608 2199 694 2264 intra
718 2199 797 2264 fines
821 2198 951 2263 illarum
976 2198 1047 2281 sita,
1070 2197 1250 2284 Episcopus
1271 2199 1401 2265 visitare

164 2303 274 2390 possit.
329 2303 393 2368 Ast
417 2303 452 2367 in
477 2303 671 2368 coemeteriis
695 2301 799 2368 facilis
826 2325 864 2368 ac
892 2325 995 2389 prona
1021 2303 1165 2389 suppetit
1187 2301 1401 2369 distinctionis

165 2405 306 2494 adeoque
320 2407 477 2472 finiendae
490 2406 722 2472 controversiae
735 2406 827 2472 ratio.
872 2406 959 2472 Nam
979 2405 1062 2470 side
1080 2406 1274 2470 coemeteriis
1287 2417 1401 2493 agatur

165 2533 248 2598 quae
260 2511 338 2575 solis
357 2510 515 2597 religiosis
529 2509 662 2575 familiis
680 2519 893 2593 resonantur,
909 2533 946 2575 ea
963 2509 1059 2596 plane
1077 2508 1119 2574 ab
1134 2508 1287 2595 Episcopi
1307 2510 1401 2576 iuris·

164 2613 312 2698 dictione,
328 2615 524 2701 proindeque
542 2637 563 2679 a
576 2614 760 2680 visitatione
773 2624 922 2700 exempta
935 2622 1030 2695 sunt;
1050 2623 1153 2678 cetera
1165 2636 1243 2679 vero
1257 2613 1401 2678 fidolium

165 2716 369 2783 multitudini
383 2717 575 2800 communia,
589 2741 691 2805 quum
710 2741 776 2783 uno
792 2717 905 2783 ordine
918 2717 1028 2783 haberi
1044 2717 1179 2782 debeant
1192 2740 1265 2781 cum
1280 2740 1400 2784 coeme-

165 2822 254 2887 teriis
267 2821 506 2909 paroecialibus,
521 2820 733 2886 iurisdictioni
749 2820 997 2886 Ordinariorum
1010 2821 1148 2885 subsunt
1160 2820 1349 2904 indubitate,
1364 2845 1401 2887 ac

165 2936 332 3014 propterea
348 2927 470 3012 optimo
489 2925 559 2990 iure
577 2925 619 2990 ab
633 2925 794 3012 Episcopo
807 2924 990 3007 visitantur,
1005 2923 1274 3011 quemadmodum
1289 2925 1401 2990 statuit

166 3029 357 3095 Benedictus
393 3029 501 3098 XIV.
531 3029 566 3094 in
603 3029 739 3095 Constit.
770 3028 953 3094 Fleancndis
980 3046 1051 3094 v111
1087 3027 1170 3093 Idus
1206 3028 1401 3094 Novembris

166 3151 360 3200 MDccxmv.
405 3132 507 3198 Haud
527 3133 670 3199 absimili
687 3132 892 3227 distinctione
912 3132 954 3197 dc
974 3131 1052 3197 locis
1073 3133 1137 3218 piis
1158 3133 1300 3218 quaestio
1321 3132 1400 3197 diri-

166 3238 276 3321 mitur,
305 3261 341 3303 ea
369 3237 559 3303 secernendo
587 3260 669 3324 quae
700 3246 849 3322 exempta
881 3245 957 3301 sunt
988 3236 1030 3301 ab
1060 3236 1100 3300 iis
1128 3236 1247 3323 quibus
1279 3246 1402 3323 praeest

167 3341 346 3428 Episcopus
367 3342 436 3407 sive
457 3341 619 3407 ordinario
644 3341 724 3423 iure,
746 3341 816 3406 sive
838 3340 991 3426 delegato.
1045 3339 1097 3405 De
1121 3341 1265 3426 utrisque
1290 3341 1400 3426 igitur,

166 3456 237 3512 tum
256 3447 450 3512 coemeteriis
468 3455 540 3510 tum
559 3447 623 3532 piis
641 3445 729 3527 locist,
744 3445 934 3509 sententiam
949 3444 1101 3509 Nostram
1120 3444 1229 3530 paucis
1246 3445 1401 3531 complec-

165 3550 267 3614 timur
280 3550 541 3637 pronunciantes:
563 3571 723 3614 sacrorum
738 3570 896 3612 canonum
910 3557 943 3611 et
956 3540 1220 3612 constitutionum
1236 3548 1402 3633 Apostoli·

166 3677 275 3719 carum
290 3653 484 3741 praescripta
496 3675 562 3718 esse
575 3652 740 3718 servanda.
756 3719 761 3730 ,

210 3757 433 3845 Superioribus
455 3757 563 3822 dubiis
588 3765 674 3821 arcto
700 3755 846 3842 iungitur
870 3779 957 3820 nexu
983 3754 1067 3820 illud
1089 3779 1154 3842 quo
1175 3757 1339 3842 quaeritur
1360 3779 1400 3820 an

167 3863 335 3950 Episcopis
353 3862 479 3927 subesse
493 3860 629 3925 debeant
641 3860 766 3925 scholae
785 3882 973 3947 pauperum,
988 3882 1070 3947 quae
1089 3860 1276 3923 elementares
1295 3860 1399 3939 etiam,

161 3967 345 4055 mimarios,
366 3987 536 4051 puerorum
557 3973 782 4050 nuncupantur
793 3990 803 4046 ;
835 3972 883 4028 est
904 3964 990 4027 enim
1014 3963 1246 4027 sanctissimum
1268 3963 1400 4029 docendi

166 4071 389 4152 ministerium,
399 4078 432 4133 et
445 4068 630 4155 proximum
644 4068 707 4154 piis
722 4066 799 4132 locis
813 4067 956 4133 ordinem
971 4076 1079 4131 teuent
1092 4066 1217 4132 scholae
1231 4066 1271 4131 dc
1285 4067 1401 4154 quibus

166 4175 322 4262 agendum
346 4182 402 4239 est.
462 4174 538 4252 Quo
564 4171 639 4236 illae
663 4172 843 4258 pertineant
867 4195 908 4236 ex
935 4171 1004 4257 ipso
1029 4171 1159 4235 nomine
1182 4171 1400 4258 dignoscitur3

166 4278 338 4345 intendunt
351 4277 507 4342 nimirum
520 4275 562 4341 ad
583 4275 737 4362 puerilem
753 4284 886 4340 aetatem
905 4274 1020 4361 primis
1040 4274 1220 4339 litterarum
1239 4274 1401 4338 elementis

166 4383 341 4470 primisque
362 4381 437 4446 fidei
451 4380 649 4462 veritatibus,
664 4403 701 4445 ac
722 4402 848 4444 morum
868 4378 1042 4465 praeceptis
1060 4388 1134 4464 apte
1152 4376 1400 4443 instituendam:

152 4508 247 4581 'quae
261 4486 393 4573 quidem
407 4483 567 4550 institutio
582 4484 731 4549 omnibus
745 4492 793 4548 est
810 4482 1018 4568 temporibus
1035 4483 1113 4547 locis
1132 4490 1163 4547 et
1178 4482 1263 4547 vitae
1276 4482 1401 4567 generi-

166 4589 227 4655 bus
252 4589 432 4671 necassaria,
455 4611 491 4652 ac
520 4587 660 4651 multum
689 4587 784 4652 habet
810 4587 962 4651 momenti
987 4585 1027 4650 ad
1055 4587 1221 4650 universae
1245 4585 1401 4649 societatis

1250 4844 1467 4912 Α
