3142 5242
168 483 235 548 280
665 494 910 542 srennnrx.

165 655 275 722 omnia
288 652 441 737 efficiunt,
455 663 494 719 ιιι
514 653 667 719 iuventus
689 651 802 716 misere
819 658 998 736 exponatur
1015 650 1134 716 damno
1148 650 1232 715 cirea
1247 649 1353 732 fidem,
1366 672 1400 714 ac

166 782 272 825 mores
285 757 516 846 periclitentur.

210 862 286 928 Hoc
306 871 412 929 autem
434 860 614 949 periculum
634 860 847 948 perversionis
868 860 930 924 nisi
949 882 967 926 e
985 860 1136 947 proximo
1154 869 1317 924 remotum
1338 859 1399 940 liat,

165 967 246 1033 tales
259 965 384 1032 scholae
393 974 466 1031 tuta
474 964 664 1031 conscientia
674 962 868 1052 frequentari
879 971 1051 1052 nequeunt.
1089 961 1132 1028 Id
1142 962 1197 1030 vel
1208 963 1281 1050 ipsa
1289 961 1401 1026 clamat

166 1070 222 1137 lex
243 1069 400 1136 naturalis
420 1078 453 1136 et
473 1067 596 1135 divina
641 1067 686 1134 Id
706 1090 803 1155 pono
822 1068 919 1134 claris
938 1067 1047 1135 verbis
1075 1088 1222 1133 summus
1253 1065 1401 1133 Pontifex

166 1175 280 1258 edixit,
306 1172 518 1261 Friburgensi
542 1171 706 1260 quondam
727 1170 977 1260 Arehiepisoopo
998 1169 1051 1237 die
1076 1173 1119 1237 14
1142 1170 1225 1236 Iulii
1250 1173 1338 1237 1864
1358 1170 1401 1235 ita

166 1279 326 1345 scribens:
363 1277 488 1344 “Certe
516 1276 647 1366 quidem
675 1275 733 1341 ubi
762 1275 798 1341 in
825 1276 1007 1366 quibusque
1042 1274 1121 1342 locis
1156 1275 1400 1363 regionibusque

165 1381 468 1471 perniciosissimum
490 1379 654 1447 huismodi
674 1379 728 1447 vel
757 1380 970 1469 susciperetur
990 1379 1045 1448 vel
1069 1379 1112 1447 ed
1136 1381 1264 1446 exitum
1288 1379 1400 1468 perdu-

166 1498 290 1552 ceretur
316 1485 487 1552 consilium
516 1484 698 1573 expellendi
715 1507 748 1565 ‚a
774 1484 893 1552 scholis
922 1484 1084 1551 Ecclesiae
1110 1484 1344 1568 auctoritatem,
1369 1493 1400 1549 et

165 1590 318 1657 iuventus
340 1591 454 1656 misere
474 1598 687 1676 exponeretur
704 1587 826 1655 damno
846 1590 930 1655 circa
950 1587 1057 1674 fldem,
1071 1597 1151 1654 tuno
1163 1588 1326 1654 Ecclesiae
1339 1609 1400 1653 non

165 1695 272 1761 solum
300 1693 428 1761 deberet
457 1694 671 1761 intentissimo
698 1693 807 1760 studio
835 1694 945 1760 omnis
972 1693 1091 1777 conari,
1120 1692 1287 1782 nullisque
1319 1692 1400 1758 curis

166 1822 309 1887 unquam
323 1821 459 1886 ponere,
474 1805 513 1863 ut
530 1798 640 1865 endem
658 1797 811 1864 iuventus
829 1797 1035 1865 neeessariam
1050 1797 1259 1864 christianam
1276 1797 1399 1862 institu-

165 1903 286 1969 tionem
307 1911 340 1968 et
360 1902 578 1969 educationem
600 1901 725 1987 habeat,
739 1925 853 1969 verum
874 1902 972 1968 etiam
992 1910 1157 1990 cogeretur
1169 1925 1283 1969 omnes
1297 1900 1399 1967 fideles

166 2031 304 2093 monere,
320 2008 427 2096 eisque
440 2005 610 2091 declarare,
620 2006 777 2072 eiusmodi
791 2005 915 2073 soboles
930 2006 1091 2072 Ecclesiae
1102 2005 1279 2072 catholicae
1291 2005 1399 2072 edver-

165 2135 217 2178 sas
230 2110 319 2177 haud
333 2134 424 2199 posse
444 2111 479 2176 in
493 2111 685 2177 conscientia
698 2110 926 2198 frequentari.''
971 2111 1019 2177 Et
1039 2111 1117 2177 haec
1136 2109 1282 2199 quidem,
1295 2118 1400 2198 utpote

166 2216 302 2281 fundata
322 2216 393 2281 iure
412 2215 551 2280 naturali
565 2238 603 2280 ac
615 2215 730 2281 divino
750 2214 899 2302 generale
919 2214 1082 2303 quoddam
1098 2214 1273 2280 enuntiant
1286 2214 1399 2301 princi·

165 2321 268 2408 pium,
279 2321 414 2408 vimque
428 2318 640 2385 universalem
656 2319 784 2403 habent,
795 2327 828 2385 et
836 2318 879 2384 ad
889 2342 942 2384 eas
952 2341 1062 2385 omnes
1075 2319 1241 2406 pertinent
1250 2320 1399 2405 regiones,

166 2424 222 2489 ubi
237 2424 501 2511 perniciosissima
515 2421 698 2488 huiusmodi
713 2422 891 2488 iuventutis
906 2421 1119 2488 instituendae
1133 2423 1218 2488 ratio
1232 2422 1400 2487 infeliciter

166 2528 293 2594 invecta
306 2526 414 2594 fuerit.

210 2631 346 2719 Oportet
370 2631 482 2719 igitur,
507 2641 545 2697 ut
569 2630 738 2698 Sacrorum
764 2632 946 2716 Antistius,
969 2654 1170 2720 quacumque
1195 2633 1322 2719 possint
1345 2653 1401 2718 ope

164 2745 262 2824 atque
286 2759 391 2822 opera,
415 2737 620 2801 commissum
645 2735 707 2800 sibi
732 2758 860 2822 gregem
885 2744 1012 2800 areant
1036 2735 1078 2800 ab
1103 2735 1193 2800 omni
1219 2736 1400 2822 contagione

164 2840 345 2905 scholarum
360 2841 437 2926 publ
443 2841 571 2906 icarum.
618 2840 679 2904 Est
693 2850 799 2904 antem
813 2838 854 2904 ad
870 2840 932 2904 hoc
945 2841 1091 2904 omnium
1105 2862 1261 2904 consensu
1275 2840 1324 2904 nil
1338 2849 1400 2904 tam

165 2946 383 3026 necessarium,
399 2967 496 3030 quam
516 2952 554 3008 ut
572 2944 722 3008 catholici
741 2944 861 3030 ubique
880 2943 1022 3009 locorum
1040 2943 1187 3030 proprias
1203 2944 1268 3008 sibi
1282 2944 1400 3009 scholas

164 3047 311 3130 habeant,
327 3070 441 3134 easque
455 3047 593 3134 publicis
606 3047 724 3112 scholis
738 3045 824 3113 haud
847 3048 1021 3114 inferiores.
1066 3046 1192 3113 Scholia
1206 3071 1284 3134 ergo
1297 3047 1401 3112 ‹atho-

165 3150 234 3214 licis
259 3152 327 3216 sive
349 3151 524 3216 condendis
548 3150 605 3215 ubi
629 3149 793 3217 defuerint
817 3151 887 3219 sive
908 3151 1155 3238 amplificandis,
1177 3160 1210 3217 et
1233 3152 1401 3239 perfectius

164 3253 360 3318 instruendis
381 3254 604 3341 parandisque,
619 3263 657 3320 ut
675 3254 874 3321 institutione
887 3279 925 3320 ac
938 3254 1108 3342 disciplina
1121 3254 1247 3320 scholas
1261 3256 1401 3342 publicas

164 3357 351 3445 adaequent,
375 3359 463 3422 omni
489 3381 565 3423 cura
589 3358 847 3445 prospiciendum
872 3369 928 3426 est.
974 3359 1116 3425 Aetam
1139 3371 1250 3425 saneto
1273 3359 1400 3448 quidem

164 3461 349 3548 exequendo
369 3463 502 3527 oonsilio
524 3472 655 3549 tamque
674 3464 847 3529 necessario
869 3462 957 3529 haud
978 3464 1138 3529 inutiliter
1153 3463 1399 3546 adhibebuntur,

165 3567 192 3631 si
215 3566 383 3652 Episcopis
405 3567 450 3631 ita
470 3566 578 3634 visum
600 3567 708 3651 fuerit,
729 3590 748 3634 e
769 3568 1080 3656 Congregationibus
1100 3567 1260 3654 religiosis
1280 3567 1401 3633 sodales

164 3672 233 3735 sive
252 3671 317 3737 viri
342 3671 411 3736 sive
436 3671 603 3753 mulieres;
628 3681 838 3758 sumptusque
862 3681 953 3737 tauto
982 3671 1069 3757 operi
1097 3672 1275 3754 necessarii,
1301 3681 1339 3736 ut
1364 3694 1400 3736 eo

164 3774 317 3840 libentius
344 3784 441 3862 atque
468 3775 683 3841 abundantius
711 3776 956 3863 suppeditentur
983 3799 1004 3841 a
1032 3775 1192 3859 fidelibus,
1222 3786 1400 3862 opportune

164 3879 272 3944 oblata
307 3880 476 3962 occasione,
505 3879 576 3944 sive
603 3880 815 3965 pastoralibus
851 3879 966 3945 litteris
994 3881 1065 3945 sive
1092 3880 1300 3945 concionibus
1335 3880 1400 3945 sive

163 3983 299 4070 privatis
314 3983 481 4069 colloquiis
501 3983 583 4048 serio
605 4007 727 4048 neeesse
747 3993 795 4049 est
815 3992 852 4048 ut
874 3984 936 4070 ipsi
950 3984 1203 4067 commonefiant,
1217 4006 1286 4049 sese
1300 3983 1399 4048 officio

163 4108 223 4152 suo
251 4088 393 4174 graviter
421 4087 597 4170 defuturos,
624 4087 687 4152 nisi
715 4088 804 4153 omni
833 4111 897 4174 qua
925 4097 1060 4175 possunt
1090 4111 1168 4152 cura
1196 4087 1398 4175 impensaque

164 4191 281 4256 scholis
302 4192 466 4256 catholicis
489 4191 698 4278 providerint.
744 4192 795 4256 De
816 4215 881 4280 quo
902 4193 1105 4279 potissimum
1130 4192 1291 4256 monendi
1308 4200 1398 4257 erunt

163 4304 321 4382 quotquot
343 4296 425 4360 inter
439 4294 609 4360 catholicos
622 4297 732 4361 ceteris
746 4305 907 4382 praestant
920 4296 1045 4360 divitiis
1057 4319 1095 4361 sc
1107 4297 1297 4362 auctoritate
1315 4294 1397 4382 apud

164 4399 320 4485 populum
331 4426 340 4482 ;
362 4400 481 4486 quique
496 4400 633 4464 comitiis
653 4399 792 4465 ferendis
804 4400 937 4488 legibus
957 4411 1032 4466 sunt
1053 4401 1216 4488 adscripti.
1263 4401 1311 4466 Et
1325 4421 1397 4465 vero

165 4502 199 4565 in
222 4503 291 4568 istis
314 4504 508 4590 regionibns,
532 4503 623 4568 nulla
647 4504 751 4568 obstat
775 4504 829 4569 lex
854 4505 971 4588 civilis,
994 4506 1167 4591 quominus
1189 4504 1337 4570 catholici
1363 4514 1397 4567 ut

164 4605 241 4690 ipsis
257 4607 364 4672 visum
385 4606 484 4672 fuerit
504 4607 643 4693 propriis
663 4607 780 4672 scholis
793 4608 917 4693 prolem
931 4631 1021 4673 suam
1037 4608 1077 4673 ad
1092 4631 1221 4674 ornnem
1234 4608 1396 4674 scientiam
