3142 5242
169 485 210 547 22
297 502 480 548 rrronos
509 500 657 548 11.—nn
687 498 894 546 raasours
923 496 1285 546 necansrnsrrcrs.

166 655 273 731 modi
299 655 443 750 missio,
470 654 532 731 cui
562 654 840 755 praeficiendus
870 652 944 728 erit
972 660 1098 728 rector
1123 650 1399 746 inamovibilis,

166 772 325 846 omnino
348 772 536 847 instructa
558 797 642 847 esse
664 771 779 846 debet
800 769 959 844 ecclesia
980 793 1161 865 congrua,
1179 767 1312 843 schola
1329 794 1400 867 pro

165 894 329 987 utroque
346 912 450 982 sexu,
468 890 583 964 domo
600 887 809 963 sacerdotis
827 887 915 962 usui
932 888 1231 977 accommodata,
1250 892 1290 960 et
1311 911 1399 984 pro·

165 1004 346 1079 ventibus
389 1004 664 1080 sufficientibus
709 1009 750 1079 et
792 1004 887 1078 satis
928 1001 1042 1078 certis
1085 1003 1136 1078 ad
1177 1000 1399 1094 sacerdotis,

165 1120 344 1195 ecclesiae
361 1130 401 1196 et
417 1122 570 1197 scholae
588 1118 845 1196 necessariam
862 1118 1196 1195 sustentationem.

214 1237 275 1312 34.
302 1237 439 1313 Missio
463 1238 572 1336 cujus
591 1237 733 1312 Rector
752 1237 872 1312 semel
895 1234 1160 1311 inamovibilis
1176 1244 1237 1311 est
1258 1235 1397 1311 consti-

164 1358 282 1446 tutus,
309 1353 350 1427 in
376 1362 574 1452 posterum
600 1379 754 1452 semper
783 1352 943 1427 habebit
973 1352 1177 1428 Rectorem
1207 1351 1395 1426 inamovi-

164 1467 293 1560 bilem,
312 1469 400 1543 licet
419 1469 550 1569 aliqua
565 1469 752 1545 territorii
773 1476 885 1568 parte
903 1468 1019 1567 juxta
1036 1494 1214 1543 normam
1231 1466 1274 1543 in
1292 1493 1331 1543 n.
1350 1469 1399 1542 20

164 1584 397 1683 descriptam
423 1584 632 1661 minuatur.
686 1585 889 1660 Novarum
913 1593 1045 1660 autem
1068 1584 1335 1684 paroeciarum
1352 1556 1411 1659 ed

163 1700 507 1777 dismembratione
530 1703 821 1777 efformatorum
838 1708 1006 1777 rectores
1023 1726 1102 1776 non
1119 1708 1235 1778 erunt
1250 1701 1396 1777 inamo-

162 1816 312 1910 vibiles,
332 1817 408 1892 nisi
431 1817 616 1917 Episcopi
641 1817 869 1894 auctoritate
894 1816 993 1892 tales
1018 1816 1218 1893 constituti
1243 1819 1398 1895 fuerint.

163 1930 369 2008 Paroeciae
403 1936 538 2009 eadem
574 1932 917 2011 dismembratione
955 1934 1179 2009 efformatae
1212 1934 1397 2033 indepen-

163 2049 297 2124 dentes
313 2055 445 2125 tamen
463 2049 746 2126 constituentur
762 2051 812 2125 ab
829 2049 989 2125 ecclesia
1006 2050 1177 2127 matrice.

213 2167 273 2242 35.
326 2167 403 2242 Pro
440 2193 535 2243 narro
572 2167 827 2242 instituantur
868 2165 911 2241 in
953 2166 1119 2265 singulis
1160 2168 1400 2245 dioecesibus

162 2290 330 2357 rectores
365 2282 601 2358 missionarii
634 2283 907 2359 inamovibiles
931 2281 1004 2359 tali
1030 2308 1203 2376 numero,
1232 2293 1277 2360 ut
1298 2284 1400 2361 inter

164 2423 296 2473 omnes
320 2398 535 2474 dioeceseos
557 2408 724 2475 rectores
750 2399 1017 2474 missionarios
1040 2399 1213 2475 decimus
1236 2400 1399 2502 quisque

163 2513 215 2588 sit
239 2514 515 2608 inamovibilis,
534 2517 746 2591 dummodo
769 2515 1009 2591 conditiones
1033 2515 1242 2615 requisitae
1268 2517 1400 2593 adsint

162 2637 245 2704 tum
272 2656 320 2706 ex
345 2638 455 2730 parte
480 2632 687 2724 missionis,
708 2657 797 2707 cum
823 2657 871 2708 ex
895 2640 1007 2731 parto
1030 2632 1190 2707 rectoris
1215 2632 1396 2733 eligendi.

164 2746 271 2835 Quae
291 2747 491 2847 proportio
514 2749 630 2847 (unus
647 2748 751 2823 inter
771 2750 918 2845 decem)
940 2773 990 2823 ne
1006 2748 1224 2825 inconsulte
1241 2753 1397 2827 exceda-

162 2869 227 2936 tur
252 2863 357 2938 intra
386 2863 528 2963 viginti
555 2864 702 2964 primos
728 2889 851 2939 annos
876 2872 967 2964 post
992 2865 1199 2941 concilium
1224 2867 1397 2965 promul·

161 2986 308 3077 gatum.
374 2980 575 3055 Institutio
609 2989 740 3057 autem
773 2988 967 3056 rectorum
1001 2981 1327 3074 inamovibilium‚
1354 2990 1399 3059 ut

162 3095 410 3195 praescripta,
446 3097 550 3172 ultra
587 3097 800 3172 triennium
835 3121 859 3172 a
892 3097 1204 3197 promulgatione
1245 3099 1397 3174 concilii

162 3215 466 3310 computandum
492 3221 577 3288 non'
596 3213 672 3289 erit
696 3213 920 3289 differenda.
988 3213 1098 3289 Inter
1121 3222 1290 3290 rectores
1315 3214 1397 3291 ina·

162 3328 365 3403 movibiles
399 3336 531 3404 tamen
569 3336 696 3404 rector
728 3329 909 3404 ecclesiae
941 3330 1175 3406 cathedralis
1218 3356 1297 3406 non
1339 3338 1400 3408 est

161 3447 385 3543 ponendus3
429 3454 469 3521 et
505 3447 660 3545 quando
700 3471 802 3520 nova
840 3445 1024 3521 dioecesis
1061 3446 1236 3546 erigitur,
1271 3456 1399 3523 rector

162 3561 341 3636 ecclesiae
375 3587 492 3660 quam
529 3561 745 3660 Episcopus
783 3561 824 3635 in
858 3561 1120 3638 cathedralem
1154 3563 1276 3662 eligit,
1311 3563 1398 3663 ipso

161 3679 260 3753 facto
278 3677 353 3753 erit
370 3677 600 3753 amovibilis.

211 3796 272 3870 36.
299 3795 365 3869 Ad
389 3793 628 3869 conditiones
645 3796 749 3893 quod
767 3802 924 3892 spectat,
943 3822 1042 3894 quae
1060 3822 1107 3872 ex
1125 3805 1235 3896 parte
1253 3798 1398 3897 eligen-

162 3912 300 3986 dorum
319 3911 369 3985 ad
387 3909 589 3984 missiones
606 3910 943 3985 inamovibilitatis
967 3911 1172 4010 privilegio
1190 3913 1399 4012 insignitas

161 4027 422 4126 requiruntur,
441 4034 486 4101 ut
510 4025 598 4124 quis
624 4028 801 4100 sacerdos
824 4026 1015 4124 ejusmodi
1039 4029 1215 4104 missioni
1242 4031 1398 4128 praefici

162 4144 300 4235 valeat,
332 4168 429 4241 opus
463 4141 558 4216 erit:
603 4143 636 4218 I.
676 4148 721 4217 ut
754 4168 824 4242 per
857 4145 988 4218 decem
1023 4145 1162 4220 saltem
1199 4172 1322 4221 annos
1357 4147 1399 4221 in

162 4259 326 4335 dioecesi
349 4285 503 4334 sacrum
527 4250 787 4333 ministerium
811 4259 1061 4335 laudabiliter
1080 4272 1316 4356 exercuer1t3
1343 4263 1397 4339 ΙΙ.

163 4383 207 4452 ut
228 4376 333 4451 intra
350 4377 454 4451 idem
472 4375 658 4473 temporis
680 4375 850 4473 spatium
873 4401 956 4452 sese
980 4377 1150 4453 habilem
1174 4380 1402 4479 probaverit

163 4494 213 4568 ad
238 4492 461 4591 parochiam
486 4491 836 4566 administrandam
861 4499 900 4568 et
921 4493 963 4568 in
986 4496 1268 4593 temporalibus
1294 4497 1399 4572 etin

163 4608 452 4708 spiritualibus3
489 4607 567 4683 III.
604 4615 649 4682 ut
672 4633 901 4684 concursum
927 4611 1044 4686 faciat
1070 4611 1186 4710 juxta
1220 4636 1399 4688 normam
