3142 5242
446 488 500 534 DE
527 487 813 536 VISI'I'ATIONE
841 487 897 534 SS.
925 486 1132 573 murnum.
1343 469 1405 534 197

260 743 501 819 Insanucrro
526 745 566 818 S.
593 743 952 818 Concussarronrs
978 764 1031 817 ns
1058 742 1182 817 Paor.
1210 742 1316 816 Fma

411 859 548 935 Suras
573 859 844 933 V1s1mr1orra
870 858 1163 932 SS.L1nmuu.

627 1026 701 1112 [Aa
709 1050 745 1112 p.
764 1029 814 1108 11,
829 1049 861 1091 a.
880 1026 949 1112 ra]

215 1184 245 1248 1.
283 1181 375 1246 Inter
396 1182 567 1269 praecipua
589 1179 702 1263 officia,
722 1203 803 1266 quac
827 1179 1031 1262 Patriamhis,
1057 1178 1265 1263 Primatibus,
1287 1178 1406 1245 Archi·
1493 1210 1495 1215 ·

168 1285 323 1372 episcopis
344 1295 376 1350 et
399 1285 568 1373 Episcopis
581 1284 673 1350 iuxta
692 1284 902 1351 SS.Pat1-um
921 1291 953 1348 et
971 1306 1129 1349 canonum
1143 1293 1263 1350 statuta
1281 1282 1406 1349 incum-

170 1387 262 1472 btmt,
276 1388 361 1454 illud
382 1389 524 1475 profecto
544 1398 592 1455 est
613 1388 851 1472 accensendum,
871 1387 959 1475 quod
981 1387 1044 1474 ipsi
1064 1410 1153 1453 sacra
1174 1387 1405 1474 Apostolorum

169 1492 302 1558 Limina
322 1492 463 1576 visitare,
484 1516 584 1580 eaque
612 1493 773 1558 occasione
800 1492 951 1557 Romano
979 1491 1130 1557 Pontifici
1156 1491 1345 1579 obsequium
1368 1515 1406 1558 ac

168 1596 381 1662 obedientiam
405 1607 574 1684 praestare,
600 1607 632 1662 ct
660 1596 816 1662 rationem
844 1595 975 1661 reddere
999 1594 1040 1661 de
1067 1595 1236 1684 pastoralis
1263 1595 1405 1661 muueris

168 1700 375 1786 implemento
394 1702 498 1788 deque
517 1701 677 1785 omnibus,
692 1724 773 1788 quae
792 1698 833 1765 ad
854 1700 1070 1766 Ecclesiarum
1085 1722 1216 1782 suarum
1229 1710 1359 1783 statum,
1373 1709 1405 1766 et

168 1803 243 1868 cleri
258 1805 435 1892 populique
449 1827 553 1870 mores
572 1828 609 1870 aa
627 1804 842 1890 disciplinam,
856 1803 1101 1890 animarumque
1121 1803 1200 1890 ipsis
1212 1804 1404 1869 creditarum

167 1907 303 1972 salntem
316 1909 486 1994 pertinent.
532 1908 632 1989 Quod
650 1907 782 1995 quidem
802 1906 954 1990 officium,
969 1907 1103 1972 unitatis
1121 1916 1155 1973 et
1172 1908 1405 1973 communionis

167 2034 240 2075 cum
262 2011 451 2098 Apostolica
471 2012 554 2079 Sede
574 2013 730 2100 quaedam
750 2011 854 2078 veluti
875 2021 1002 2095 tessera,
1022 2033 1063 2075 ex
1086 2012 1126 2076 iis
1147 2011 1273 2077 iuribus
1293 2022 1406 2098 sponte

167 2114 249 2198 fluit,
264 2139 346 2203 quae
364 2115 513 2182 Romano
534 2117 685 2182 Pontifici
700 2116 734 2182 vi
755 2115 923 2202 primatuS,
938 2138 1003 2203 quo
1017 2139 1058 2180 ex
1076 2115 1191 2180 divina
1205 2116 1405 2181 institutione

167 2219 202 2283 in
230 2221 414 2286 universam
439 2220 543 2307 pollet
567 2219 754 2304 Ecclesiam,
780 2219 943 2285 inhaerere
967 2229 1165 2306 compertum
1186 2229 1242 2286 est.
1299 2220 1405 2285 Nemo

165 2332 273 2388 autem
298 2324 425 2410 ignorat
449 2347 532 2412 quae
557 2325 618 2390 hoc
644 2324 680 2389 in
701 2324 841 2388 themate
865 2323 921 2391 fel.
943 2345 1004 2390 rec.
1027 2322 1139 2389 Sixtus
1161 2324 1209 2392 V.
1231 2324 1267 2389 in
1288 2324 1404 2390 oelebri

167 2426 276 2493 Const.
287 2428 451 2492 Roaiam
464 2428 610 2513 Pordisea
622 2427 676 2493 die
691 2430 734 2495 20
748 2427 934 2493 Decembris
950 2431 1035 2494 1585
1049 2428 1135 2492 edita
1148 2429 1359 2515 praescripsit.

211 2533 241 2597 2.
265 2531 350 2597 Cum
365 2554 443 2598 vero
464 2531 621 2597 nonnulla
643 2530 818 2597 identidem
836 2531 1042 2597 suboriantur
1056 2530 1156 2597 dubia
1168 2531 1252 2597 circa
1261 2532 1403 2615 modum,

165 2657 231 2721 quo
252 2635 329 2700 huic
349 2636 476 2700 muneri
496 2658 658 2702 sacrorum
672 2614 845 2701 Antistites
864 2635 1045 2701 satisfacere
1060 2635 1207 2719 debeant,
1221 2646 1317 2723 atqu'e
1330 2635 1405 2701 inde

165 2761 280 2826 graves
300 2740 476 2806 anxietates
497 2740 540 2806 ob
558 2740 746 2806 sacramenti
760 2739 957 2825 religionem,
970 2762 1037 2826 quo
1057 2761 1091 2805 se
1112 2738 1196 2804 illud
1217 2739 1405 2827 impleturos

165 2843 417 2929 spoponderunt,
431 2843 464 2910 S.
481 2844 662 2910 Consilium
677 2843 862 2911 Christiano
876 2843 910 2908 N
911 2843 1011 2909 omini
1033 2844 1241 2930 propagando
1259 2844 1404 2930 proposi-

165 2957 236 3012 tum
258 2947 487 3013 sollicitudinis
508 2970 585 3013 suae
606 2957 713 3035 partes
735 2970 801 3013 esse
822 2947 928 3030 duxit,
949 2946 1111 3012 Sixtinam
1134 2947 1403 3013 Constitutionem

165 3060 345 3137 opportune
372 3051 542 3136 declarare,
571 3061 609 3117 ut
637 3075 703 3139 quo
731 3050 923 3116 enucleatior
958 3051 1019 3116 erit
1051 3049 1132 3137 legis
1160 3049 1338 3136 dispositio,
1367 3073 1403 3118 eo

166 3155 346 3241 promptius
367 3155 410 3221 ab
430 3157 580 3221 omnibus
601 3155 781 3221 executioni
803 3136 980 3221 mandetrir.

210 3261 241 3325 3.
265 3258 312 3324 Et
325 3259 515 3346 praeprimis
528 3259 664 3325 recolere
684 3269 823 3346 praestat
844 3258 931 3346 quod
952 3259 988 3324 in
1004 3261 1020 3337 §
1037 3261 1057 3325 7
1072 3270 1262 3326 memoratae
1277 3260 1404 3327 Consti-

165 3363 300 3428 tutionis
313 3363 559 3451 praescribitur:
581 3362 667 3429 “Ad
689 3363 751 3429 hoo
771 3373 879 3428 autem
894 3362 1039 3428 debitum
1053 3363 1249 3430 visitationis
1262 3363 1404 3430 officium

165 3468 331 3533 commode
362 3466 559 3554 explendum
596 3490 705 3533 omnes
738 3466 945 3554 patriarchae,
974 3467 1136 3553 primates,
1165 3467 1403 3554 archiepiscopi,

165 3579 198 3636 et
210 3571 361 3658 episcopi,
377 3570 456 3636 Itali
471 3571 620 3638 videlieet
635 3571 688 3638 vel
702 3593 743 3636 ex
755 3569 880 3636 Italicis
901 3570 1026 3654 insulis,
1042 3569 1128 3636 unde
1149 3572 1349 3637 commodius
1368 3571 1403 3635 in

167 3674 299 3740 Italiam
321 3675 426 3741 traiici
447 3684 561 3762 potest,
576 3675 680 3743 veluti
702 3674 812 3758 Siculi,
827 3673 931 3757 Sardi,
947 3673 1053 3757 Cursi,
1068 3682 1101 3740 et
1117 3674 1175 3739 alii
1192 3675 1403 3741 adiaeentium

166 3779 404 3866 provinciarum
434 3778 550 3845 Italiae
577 3802 615 3845 ac
642 3780 740 3845 etiam
769 3779 961 3862 Dalmatiae,
987 3787 1020 3843 et
1048 3778 1359 3867 escarumque
1386 3802 1404 3845 e

166 3883 295 3971 regione
309 3883 410 3970 ipsius
425 3883 541 3949 Italiae
554 3893 588 3950 et
601 3883 729 3950 Siciliae
742 3884 808 3948 oris
822 3891 907 3965 sunt,
919 3883 1004 3946 tertio
1018 3905 1102 3946 aaao
1110 3908 1126 3960 ,·
1148 3883 1302 3949 Germani
1316 3906 1403 3967 vero,

166 3986 266 4070 Galli,
293 3986 446 4075 Hispani,
472 3987 601 4073 Belgae,
627 3986 774 4069 Bohemi,
800 3985 963 4073 Hungari,
987 3986 1103 4074 Angli,
1128 3986 1226 4071 scoti,
1250 3987 1403 4071 Hiberni,

166 4100 199 4156 et
211 4091 306 4156 ueteri
321 4092 509 4179 omnesqui
523 4091 558 4155 in
573 4092 707 4178 Europa
720 4099 797 4156 sunt
810 4091 894 4156 circa
906 4113 993 4155 mare
1004 4090 1243 4176 Germanicum,
1254 4101 1286 4157 et
1299 4091 1404 4157 Balti-

87 4206 97 4219 ⁰
165 4217 250 4277 cum,
264 4219 302 4261 ao
316 4195 462 4262 omnium
478 4195 658 4261 insularum
680 4196 779 4260 maris
800 4194 1032 4278 mediterranei,
1046 4203 1157 4281 gerarte
1171 4219 1280 4274 aaao,·
1302 4195 1404 4282 etqui

167 4298 252 4365 intra
266 4299 417 4387 Europae
431 4301 510 4365 fines
530 4308 617 4382 suut,
632 4298 684 4364 his
698 4298 873 4386 provinciis
886 4299 1081 4382 remotiores,
1095 4322 1133 4365 ac
1146 4300 1241 4365 etiam
1257 4299 1405 4365 Africani

167 4401 316 4469 litoribus
337 4404 456 4469 nostris
476 4403 613 4486 adversi,
627 4425 665 4467 ao
687 4401 864 4467 insularum
886 4403 985 4467 maris
999 4401 1119 4468 Oceani
1140 4403 1405 4489 Septentrionalis

167 4514 199 4570 et
212 4506 429 4572 Occidentalis
440 4507 590 4592 Europae
603 4514 636 4571 et
649 4506 781 4572 Asrieae
794 4506 874 4571 citra
893 4505 1107 4571 continentem
1129 4506 1206 4572 novi
1221 4506 1308 4573 orbis
1329 4556 1338 4572 .
1362 4555 1371 4574 .
1395 4555 1403 4573 .

166 4609 272 4695 quinto
286 4632 390 4688 annm
413 4609 550 4676 Asiatici
567 4632 653 4692 vero,
668 4609 771 4697 etqui
786 4617 877 4674 extra
891 4609 1006 4674 Asiam
1020 4609 1101 4674 etin
1116 4610 1189 4674 aliis
1204 4610 1298 4676 novis
1312 4611 1405 4675 terris

1272 4836 1472 4896 Α
