3142 5242
400 495 455 541 nn
483 495 698 543 conuncro
728 495 987 542 sunnrcuno
1015 494 1177 542 nouus.
1343 481 1405 544 195
1484 467 1486 478 '

170 672 278 737 proees
292 634 446 735 obtulere,
460 662 499 717 ut
511 651 599 740 quod
613 651 759 718 nondum
776 676 797 719 a
816 651 962 740 Collegio
981 651 1121 740 regionis
1138 673 1214 718 suae
1233 651 1405 718 constituto

169 765 334 841 peractum
359 755 474 839 fuerat,
495 757 684 823 auctoritate
711 779 849 845 curaque
873 757 995 823 Nostra
1020 755 1183 843 fastigium
1210 755 1405 842 imponentes

169 859 267 946 operi,
282 860 512 946 perficeremus
557 861 628 927 Nos
648 861 756 948 itaque
776 860 864 927 haud
882 861 1097 926 cunctandum
1119 860 1190 942 rati,
1205 861 1405 927 eorumdem-

168 985 231 1052 que
246 964 492 1032 Venerabilium
514 965 669 1030 Fratrum
689 965 913 1031 communibus
926 965 1013 1032 votis
1032 964 1254 1047 obsecundare,
1269 966 1405 1031 clerum-

169 1089 232 1153 que
258 1076 292 1134 et
320 1067 428 1134 fideles
458 1069 654 1135 americanae
688 1069 828 1157 regionis
860 1092 947 1135 novo
978 1070 1040 1135 hoc
1071 1071 1189 1135 amoris
1221 1070 1404 1137 testimonio

168 1174 317 1261 prosequi
345 1175 516 1260 cupientes,
545 1172 707 1241 decretum
735 1197 755 1239 a
784 1183 958 1240 memorato
985 1173 1082 1240 Sacro
1107 1174 1253 1241 Concilio
1281 1174 1404 1240 editum

167 1298 265 1365 snper
291 1278 517 1343 constitutione
544 1277 682 1366 Collegii
715 1278 914 1344 Clericorum
947 1301 1008 1365 pro
1040 1277 1209 1344 foederatis
1237 1279 1404 1344 Americae

168 1379 434 1468 Septentrionalis
454 1383 599 1468 statibus,
621 1406 696 1448 cum
717 1383 866 1449 omnibus
886 1392 919 1450 et
940 1382 1077 1470 singulis
1098 1383 1133 1448 in
1156 1383 1216 1450 illo
1237 1383 1403 1468 contentis,

168 1487 370 1552 Auctoritate
383 1488 572 1573 Apostoliea
585 1496 694 1553 tenore
713 1487 927 1573 praesentium
941 1488 1176 1570 confirmamus,
1191 1488 1284 1574 eique
1298 1487 1404 1552 invio·

168 1588 276 1655 labilis
286 1589 490 1677 Apostolicae
500 1591 662 1656 firmitatis
674 1590 774 1656 robur
783 1591 961 1674 adiicimus,
971 1614 1008 1656 ac
1023 1601 1181 1678 praeterea
1195 1591 1237 1657 ad
1251 1591 1403 1657 maiorem

167 1692 232 1758 Dei
252 1692 401 1782 glorium,
416 1695 459 1760 ad
480 1694 710 1760 incrementum
728 1695 901 1760 catholicae
921 1694 1095 1780 religionis,
1109 1694 1151 1761 ud
1166 1695 1261 1760 decus
1280 1695 1403 1760 utilita-

167 1806 296 1884 temque
316 1820 451 1884 magnae
472 1797 682 1886 Reipublicae
702 1799 938 1865 foederatorum
952 1799 1121 1865 Americae
1141 1798 1403 1887 Septentrionalis

166 1910 320 1985 statuum,
341 1902 452 1967 eadem
472 1904 659 1968 auctoritate
682 1912 791 1968 tenore
816 1903 1029 1989 praesentium
1055 1902 1141 1968 idem
1162 1903 1345 1990 Collegium
1367 1903 1402 1968 in

166 2003 227 2070 hac
239 2005 326 2071 alma
345 2005 436 2072 Urbe
455 2006 547 2073 iuxta
566 2007 732 2072 canonicas
746 2029 874 2072 normas
893 2005 1047 2094 erigimus
1067 2016 1100 2072 et
1120 2006 1352 2090 constituimus,
1366 2029 1404 2073 ao

167 2110 297 2175 nomine
316 2118 350 2175 et
370 2111 468 2176 titulo
489 2111 660 2177 Pontificio
681 2110 877 2193 decoramus,
895 2109 1062 2197 eidemque
1082 2111 1190 2176 omnia
1211 2110 1291 2193 iura,
1312 2122 1416 2196 prae-⁸

166 2213 339 2299 negativas,
353 2214 524 2301 privilegia
545 2214 730 2280 huiusmodi
752 2213 971 2300 Collegiorum
992 2215 1123 2301 propria
1143 2213 1351 2280 attribuimus
1371 2223 1403 2279 et

165 2316 351 2404 elargimur,
365 2318 406 2384 ad
421 2318 505 2406 leges
519 2341 601 2405 quae
615 2319 701 2384 infra
713 2328 900 2405 sequnntur.

211 2421 242 2488 Ι.
273 2422 455 2489 Cardinalis
474 2423 563 2489 Sacri
582 2422 721 2490 Consilii
740 2422 924 2489 Christiano
938 2421 1062 2489 nomini
1083 2422 1289 2510 propagando
1305 2423 1402 2489 Prae·

166 2524 269 2591 sectus
290 2550 351 2614 pro
368 2529 679 2615 temporeexistem,
694 2527 781 2593 idem
802 2538 956 2615 perpetuo
975 2523 1135 2593 Patronus
1158 2526 1296 2614 Collegii
1316 2537 1400 2593 esto:

166 2628 316 2717 idemque
340 2631 397 2696 ubi
423 2642 642 2719 opportunum
666 2631 729 2698 sibi
751 2632 862 2700 visum
886 2631 994 2715 fuerit,
1016 2631 1194 2697 adiutorem
1218 2630 1281 2696 sibi
1307 2631 1342 2695 in
1365 2654 1402 2697 eo

166 2756 298 2800 munere
311 2735 450 2823 gerendo
464 2735 624 2824 deligendi
638 2745 672 2802 et
684 2736 909 2820 constituendi,
933 2736 1003 2801 iure
1016 2734 1153 2802 fruatur.

210 2838 262 2905 ΙΙ.
293 2839 542 2907 Administratio
566 2840 716 2908 universa
738 2839 877 2927 Collegii
901 2839 944 2905 'ab
966 2839 1224 2926 Archiepiscopis
1249 2849 1282 2905 et
1305 2838 1402 2925 Epis·

164 2942 253 3028 copis
272 2942 523 3010 Foederatorum
543 2944 694 3011 Statuum
708 2945 877 3010 Amerime
898 2942 1172 3031 Septentrionalis,
1186 2943 1241 3010 vel
1262 2966 1282 3008 a
1304 2943 1401 3009 Prae-

164 3045 290 3112 sulibus
304 3048 346 3113 ab
360 3048 437 3135 ipsis
450 3047 492 3113 ad
507 3047 541 3113 id
555 3049 698 3113 muneris
713 3048 855 3134 legitime
868 3046 1038 3135 deputatis,
1054 3056 1192 3134 geratur.
1514 3032 1518 3043 ¹

209 3149 284 3216 III.
306 3152 547 3239 Archiepisoopi
560 3162 593 3218 et
608 3152 772 3239 Episcopi,
785 3151 913 3239 quibus,
929 3160 966 3216 ut
979 3173 1086 3238 supra,
1095 3150 1235 3239 Collegii
1247 3150 1400 3218 adminis-

164 3255 261 3320 tratio
282 3255 462 3321 concredita
482 3266 539 3339 est,
553 3255 652 3322 iidem
673 3279 747 3322 cum
770 3255 949 3321 moderator
962 3255 1118 3321 Alumnis
1131 3254 1270 3342 Collegii
1288 3278 1400 3344 regen-

164 3358 216 3423 dis
229 3360 466 3425 renunciaudus
479 3360 588 3445 fuerit,
603 3371 667 3427 tres
680 3358 864 3443 sacerdotes,
878 3359 937 3447 qui
951 3359 993 3425 ad
1010 3360 1071 3425 hoc
1083 3381 1202 3424 munus
1216 3359 1399 3425 obeundum

165 3461 272 3528 idonei
289 3463 352 3530 visi
370 3463 491 3530 fuerint
507 3464 605 3531 Sacro
621 3465 765 3533 Consilio
784 3464 878 3530 Fidei
895 3462 1129 3551 propagandae,
1144 3474 1335 3551 proponant,
1350 3464 1399 3529 uti

164 3590 205 3633 ex
220 3567 261 3633 iis
274 3567 427 3634 Summus
441 3568 596 3634 Pontifex
609 3568 721 3635 audito
737 3568 852 3634 Sacrae
865 3568 1129 3656 Congregationis
1145 3569 1278 3634 consilio
1290 3568 1399 3656 eligat,

163 3694 260 3760 quem
274 3672 413 3760 Collegii
427 3673 577 3761 regimini
592 3673 737 3738 Rectoris
750 3672 881 3738 nomine
893 3681 926 3738 et
939 3682 1091 3759 potestate
1104 3673 1274 3759 praeficiat.

208 3775 279 3844 IV.
302 3776 420 3842 Rectcr
441 3778 476 3841 in
497 3776 648 3842 omnibus
661 3799 743 3864 quae
758 3775 800 3841 ad
815 3775 954 3862 Collegii
975 3777 1115 3864 regimen
1137 3777 1296 3864 pertinent
1311 3776 1406 3844 Emt·

165 3879 299 3946 Patroni
320 3904 358 3946 ac
376 3880 609 3967 Episcoporum
624 3880 761 3968 Collegii
776 3879 1085 3945 Administratornm
1106 3881 1288 3946 auctoritati
1309 3881 1399 3946 obse-

163 3994 293 4073 quatur,
306 3986 414 4072 eisque
434 3993 613 4050 accuratam
634 3984 680 4050 rei
702 3984 871 4050 familiaris
892 3984 1048 4050 rationem
1062 3993 1152 4050 sexto
1166 3984 1309 4072 quolibet
1322 3985 1399 4050 anui

164 4110 272 4166 meuse
284 4087 406 4155 reddat
496 4137 499 4143 ·

209 4192 257 4261 V.
287 4192 406 4259 Rector
426 4193 523 4277 idem,
544 4203 582 4259 ut
607 4215 738 4258 munere
762 4216 821 4259 sno
846 4191 1027 4280 expeditius
1052 4201 1085 4259 et
1109 4193 1223 4258 utilius
1247 4192 1399 4281 perfungi

165 4305 270 4384 queat,
293 4307 363 4362 tum
388 4297 424 4363 in
450 4297 490 4363 iis
514 4320 596 4385 quae
621 4298 853 4363 oeconomicam
877 4296 1015 4384 Collegii
1040 4298 1246 4380 curationem,
1268 4306 1340 4362 tum
1365 4297 1401 4361 in

165 4400 206 4466 iis
229 4423 313 4489 quae
336 4401 556 4468 Alumnorum
582 4401 785 4488 disciplinam
809 4410 962 4488 spectant,
986 4402 1175 4487 opportunis
1199 4399 1401 4467 adiutoribus

165 4505 501 4592 utatur-Propterea
520 4505 624 4592 ipsius
644 4506 715 4587 erit,
737 4504 832 4570 Emc.
855 4503 998 4569 Patrono
1021 4505 1227 4591 approbante,
1248 4504 1400 4570 idoneum

165 4608 359 4675 sacerdotem
372 4609 528 4675 vicarium
542 4630 618 4674 suae
631 4608 797 4696 potestatis
818 4605 997 4692 adsciscere,
1013 4631 1071 4674 nec
1084 4631 1151 4674 non
1164 4617 1341 4674 curatorem
1354 4609 1401 4674 rei

234 4732 237 4737 ⁴
300 4731 343 4794 20

1323 4872 1453 4896 a—
