3204 5242
184 426 249 489 252
678 440 923 487 aarnxnrx.

183 598 361 687 periculum
386 596 474 686 quod
504 597 564 681 illi,
590 598 648 686 qui
676 597 944 686 dispensationem
973 608 1098 686 petunt,
1122 622 1160 664 ea
1187 622 1254 665 non
1279 599 1423 684 obtenta,

183 702 426 768 matrimonium
447 701 616 767 dumtaxat
636 702 731 784 cicde,
753 709 791 766 ut
810 702 912 784 aiunt,
925 701 1114 767 celebraturi
1135 703 1212 785 sint,
1225 725 1292 768 esse
1314 702 1424 792 legiti-

183 828 270 870 mam
284 804 489 898 dispensandi
503 829 640 872 causam.

229 913 281 976 14.
304 911 443 975 Renwttb
453 911 599 994 pravium
611 911 840 976 scandalorum.

229 1017 281 1080 15.
309 1014 443 1080 &matio
451 1014 573 1102 publici
585 1014 814 1080 combinatus.

228 1122 280 1184 16.
304 1119 492 1183 Eooedentia
511 1119 696 1201 aieritomm,
710 1142 785 1184 cum
804 1118 922 1208 aliquis
942 1127 999 1185 ant
1019 1128 1130 1185 contra
1150 1119 1225 1185 fidei
1246 1120 1423 1186 ‹atholime

182 1221 288 1288 hostes
308 1222 512 1288 dimicatione
532 1232 590 1288 aut
611 1221 800 1288 liberalitate
812 1245 888 1309 erga
903 1222 1089 1306 Ecclesiam,
1102 1233 1160 1288 aut
1180 1222 1338 1307 doctriua,
1352 1226 1422 1289 vir-

181 1335 261 1409 tute,
275 1326 381 1392 aliove
396 1326 492 1392 modo
504 1326 546 1392 de
559 1326 729 1413 Religione
741 1327 785 1391 sit
798 1325 919 1413 optime
933 1326 1075 1392 meritus.

225 1429 263 1495 H
264 1454 300 1496 ae
320 1440 398 1496 sunt
417 1431 650 1496 communiones
670 1430 870 1519 potioresque
883 1453 1004 1513 (ausae,
1018 1455 1100 1519 quae
1113 1432 1155 1498 ad
1169 1432 1422 1499 matrimoniales

181 1533 431 1624 dispensationes
452 1535 667 1623 impetrandas
687 1534 803 1601 adduci
824 1534 947 1617 solent;
975 1535 1155 1623 dequibus
1176 1538 1302 1624 copiose
1318 1548 1423 1625 agunt

181 1638 334 1726 theologi,
347 1663 385 1704 ac
398 1661 560 1704 sacrorum
574 1662 732 1704 canonum
747 1637 956 1726 interpretas.l

224 1741 288 1809 Sed
302 1744 366 1809 iam
381 1767 416 1809 se
429 1744 587 1809 convertit
601 1742 777 1808 Instructio
790 1742 832 1808 ad
847 1767 893 1827 ca,
906 1767 990 1831 quae
1003 1755 1129 1831 praeter
1143 1767 1253 1811 <ausas
1267 1747 1304 1811 in
1318 1746 1422 1813 literis

179 1847 380 1936 supplicibus
394 1871 454 1935 pro
467 1846 701 1934 dispensatione
714 1847 897 1930 obtinenda,
908 1847 949 1913 de
962 1847 1032 1913 iure
1045 1848 1099 1917 vel
1113 1849 1352 1935 consuetudine,
1363 1861 1421 1917 aut

180 1952 265 2038 stylo
287 1951 404 2017 Curiae
428 1951 638 2037 exprimenda
657 1961 743 2035 sunt,
767 1951 812 2016 ita
833 1960 870 2016 111
890 1953 917 2017 si
939 1952 1036 2018 etiam
1066 1952 1251 2040 ignoranter
1278 1963 1423 2020 taceretur

180 2057 309 2139 veritas,
338 2064 395 2121 aut
424 2064 571 2120 narretur
600 2054 731 2138 falsitas,
758 2055 952 2143 dispensatio
980 2056 1073 2123 nulla
1101 2056 1267 2125 efficiatur.
1327 2059 1422 2124 Haec

179 2170 286 2226 autem
300 2171 396 2226 sunt:

225 2267 254 2331 1.
286 2264 406 2330 Nomm
419 2271 447 2328 ά
460 2287 623 2349 coyrwmen
644 2263 829 2347 Oratorum,
844 2251 1017 2352 utrumque
1037 2266 1187 2332 distincte
1203 2276 1237 2332 et
1254 2250 1369 2351 nitide,
1383 2291 1422 2333 ac

178 2369 248 2433 sine
262 2369 331 2433 ulla
344 2368 511 2434 literarum
525 2368 765 2434 abbreviatione
778 2368 991 2434 scribendum.

225 2476 255 2539 2.
292 2473 448 2538 Dioeoeaia
476 2473 607 2556 eripiaris
635 2471 689 2538 vel
718 2473 850 2537 aetatis
878 2473 1034 2540 domicilii.
1092 2474 1234 2554 Quando
1266 2475 1421 2543 Omtoroe

179 2577 298 2643 habent
310 2576 512 2642 domicilium
527 2585 618 2641 extra
631 2574 800 2642 dioecesim
813 2577 958 2664 originis,
970 2587 1113 2663 possunt,
1127 2577 1157 2642 si
1170 2579 1285 2664 velint,
1301 2591 1418 2668 petere,

179 2691 217 2745 111
227 2681 421 2767 dispensatio
432 2681 580 2745 mittatur
590 2680 632 2745 ad
643 2679 855 2745 Onlinarium
866 2681 1024 2763 dioecesis,
1036 2680 1071 2744 in
1085 2704 1150 2767 qua
1163 2706 1250 2749 nunc
1260 2684 1418 2752 habitant.

223 2789 254 2851 3.
291 2786 411 2871 Species
435 2785 532 2849 etiam
558 2785 667 2871 infimo
690 2785 904 2870 impediamini,
927 2808 969 2848 an
998 2786 1040 2848 sit
1069 2789 1338 2874 consanguinitas,
1365 2791 1419 2855 rel

178 2891 327 2971 affinitas,
343 2900 413 2954 orta
435 2912 476 2954 ex
498 2889 613 2976 copula
629 2889 717 2952 licita
731 2888 784 2953 vel
800 2888 933 2971 illicita;
955 2888 1084 2976 publiea
1098 2889 1245 2957 honestas
1259 2895 1418 2980 originem

178 2995 296 3059 ducens
326 3017 366 3058 ex
404 2994 616 3079 sponsalibus,
646 2992 698 3058 vel
740 2993 945 3058 matrimonio
982 3005 1071 3075 rat03
1117 2995 1151 3059 in
1188 2996 1419 3084 impedimento

178 3100 326 3180 criminis,
341 3109 451 3162 utrum
475 3097 658 3183 provenerit
679 3120 720 3161 ex
742 3098 955 3184 coniugicidio
978 3121 1051 3162 eum
1074 3099 1285 3185 promissione
1305 3103 1419 3166 matri-

180 3204 290 3286 monii,
305 3211 362 3267 aut
383 3225 424 3266 ex
446 3201 658 3288 coniugicidio
680 3225 754 3266 eum
775 3201 943 3283 adulteri0,
959 3201 1067 3267 velex
1081 3204 1150 3268 solo
1164 3203 1324 3271 adulterio
1344 3230 1418 3270 carm

178 3307 386 3394 promissione
408 3306 625 3386 matrimonii;
656 3306 690 3369 in
712 3306 900 3392 cognatione
928 3307 1100 3392 spirituali,
1123 3322 1231 3373 utrum
1263 3310 1305 3374 sit
1336 3311 1419 3374 iuter

179 3412 338 3477 levantem
354 3422 385 3475 et
400 3410 553 3492 levatum,
568 3409 621 3475 vel
638 3411 721 3475 inter
736 3410 896 3475 levantem
911 3421 943 3474 ct
958 3410 1055 3475 levati
1070 3423 1245 3498 parentem.

222 3521 253 3582 4.
290 3517 420 3581 Grauius
441 3514 726 3598 eomcnpuinitotis,
742 3514 796 3578 vel
818 3515 984 3597 affinitatis,
1000 3526 1057 3581 aut
1074 3515 1236 3581 honestatis
1250 3542 1291 3582 ex
1306 3520 1418 3584 matri·
1459 3571 1466 3587 .

178 3623 287 3688 monio
309 3632 389 3703 rato,
405 3629 437 3683 et
457 3643 498 3684 au
519 3620 563 3683 sit
582 3619 721 3704 simplex
738 3618 790 3682 vel
813 3618 943 3700 mixtae,
959 3642 1024 3682 non
1045 3629 1170 3684 tantum
1185 3623 1348 3705 remotior,
1364 3623 1418 3688 sed

177 3727 272 3791 etiam
289 3725 508 3812 propinquior,
526 3724 574 3787 uti
596 3732 628 3787 et
650 3722 743 3805 linea,
759 3746 800 3786 an
822 3723 865 3786 sit
884 3732 969 3786 reeta
985 3722 1036 3787 vel
1059 3735 1240 3790 transversa
1251 3752 1260 3806 ;
1283 3726 1361 3791 item
1377 3751 1418 3792 an

178 3831 329 3895 Oratores
351 3831 416 3892 sint
438 3827 597 3893 coniuncti
621 3850 660 3891 ex
683 3826 805 3913 duplici
821 3825 952 3890 vinculo
974 3828 1269 3913 consanguinitatis
1287 3839 1355 3894 tam
1378 3855 1418 3896 ex
1483 3842 1487 3851 '

178 3945 268 4021 parte
283 3935 392 4019 patrie,
407 3956 505 4019 quam
520 3955 560 3996 ex
576 3942 665 4018 parte
681 3930 802 3996 aratris,

223 4043 252 4103 5.
281 4039 436 4102 diciamus
449 4037 739 4120 impedimentorum,
755 4059 804 4100 ex.
821 4060 869 4121 gr.
885 4037 912 4100 si
928 4036 1011 4100 adsit
1026 4035 1147 4123 duplex
1165 4047 1221 4101 aut
1243 4039 1419 4126 multiplex

178 4142 437 4227 consanguinitas
459 4140 512 4204 rel
535 4139 684 4221 affinitas
707 4139 759 4204 vel
782 4141 808 4203 si
832 4151 955 4225 praeter
976 4142 1198 4225 cognationem
1218 4142 1302 4205 adsit
1322 4146 1418 4207 etiarn

178 4246 325 4325 affinitas,
348 4252 404 4308 aut
425 4243 513 4307 aliud
536 4243 759 4329 quodcumque
783 4244 1048 4328 impedimentum
1070 4245 1140 4308 sive
1161 4243 1328 4328 dirimeuS,
1351 4248 1420 4311 sive

181 4350 364 4435 impediens

213 4502 220 4533 ¹
235 4503 306 4552 Inter
323 4510 421 4552 eeteros
438 4500 592 4551 consulendi
610 4501 729 4564 Pyrrhus
744 4502 872 4552 Corradus
890 4503 981 4554 Prcxis
998 4477 1204 4568 dispernotiobum
1220 4504 1419 4571 Apostoliecmm

179 4586 238 4637 Lib.
252 4584 316 4636 Vll.
332 4592 359 4634 ct
371 4584 451 4635 Vlll.
488 4583 645 4634 Vincentius
664 4584 702 4633 l)e
721 4584 800 4634 Iustis
816 4584 856 4635 De
869 4587 1001 4653 disperaset.
1015 4587 1235 4637 matrimonialibus
1248 4587 1307 4639 Lib.
1322 4589 1378 4643 Ill.
