3142 5242
181 463 244 525 132
375 476 557 523 rrrunus
582 475 796 523 vnn-nn
824 474 931 521 anno
959 473 1216 520 amaracum.

179 633 383 732 religiosae
418 632 460 707 in
496 634 591 707 urbe
625 632 794 731 quadam
829 631 976 722 domos,
1008 635 1053 705 ut
1086 635 1227 704 vocant
1262 627 1419 727 Refugii

180 748 369 825 laudabili
397 749 578 847 exemplo
609 747 893 823 constituerunt
922 744 1159 845 excipiendis
1192 742 1419 844 hujusmodi

180 865 323 964 puellis
357 872 397 940 et
431 864 472 939 in
507 889 684 939 sororum
715 862 841 938 tutela
870 861 1127 953 asservandis,
1158 862 1282 936 donec
1316 859 1420 958 apud

180 980 370 1056 familiam
401 982 499 1056 bene
530 988 722 1055 moratam
753 1004 912 1077 operam
942 1003 1054 1055 suam
1085 977 1215 1052 locent
1242 982 1315 1051 aut
1343 974 1418 1050 alio

181 1096 343 1171 honesto
386 1099 502 1172 modo
541 1096 688 1179 victum
732 1102 931 1194 quaerant.
1008 1096 1140 1193 Atque
1183 1091 1337 1168 utinam
1380 1089 1419 1166 id

180 1212 348 1310 exempli
375 1221 523 1288 ceterae
549 1238 701 1312 quoque
727 1212 842 1287 urbes
867 1211 1132 1287 aemulentur!

230 1331 316 1405 235.
353 1330 460 1404 Illud
485 1355 607 1429 aequo
634 1328 765 1403 animo
791 1329 958 1403 tolerare
981 1327 1048 1402 vix
1072 1352 1293 1426 possumne,
1316 1325 1419 1425 quod

182 1445 307 1522 coloni
343 1445 521 1521 catholici
559 1452 669 1521 tanto
708 1470 870 1520 numero
912 1444 954 1519 in
998 1443 1154 1543 oppidis
1191 1439 1418 1541 congregari

181 1562 324 1637 malint
349 1561 415 1637 ubi
442 1560 757 1636 laboriosissimis
782 1560 964 1660 operibus
990 1585 1109 1635 manu
1135 1558 1247 1634 factis
1272 1557 1418 1633 victum

181 1678 452 1777 quotidianum
478 1678 707 1777 quaeritent,
735 1685 804 1753 aut
828 1677 870 1751 in
896 1675 1097 1776 populosis
1123 1675 1286 1751 urbibus
1312 1682 1418 1751 tenu·

180 1792 305 1869 issimi
348 1794 446 1870 lucri
489 1821 558 1893 spe
605 1801 870 1894 permaneant,
913 1793 1045 1892 ibique
1090 1792 1194 1868 inter
1235 1790 1417 1878 vinarios,

180 1911 421 1987 tabernarios
456 1918 495 1987 et
529 1910 808 2010 abjectissimos
838 1935 990 2010 quoque
1023 1909 1201 1985 homines
1235 1907 1419 1984 miseram

180 2025 223 2101 in
256 2029 451 2126 squallore
485 2035 525 2104 et
559 2027 737 2103 sordibus
769 2027 891 2101 vitam
926 2033 1055 2126 agant.
1136 2025 1348 2101 Praeterea
1378 2022 1419 2097 in

181 2143 405 2241 hujusmodi
431 2144 525 2219 locis
551 2143 887 2243 frequentissimae
913 2145 1055 2218 adsunt
1079 2141 1268 2217 vitiorum
1293 2141 1417 2215 illece-

113 2319 119 2330 ,
180 2258 285 2353 brae,
302 2266 342 2335 et
366 2260 478 2358 pueri
503 2263 553 2336 ad
576 2259 791 2335 doctrinam
817 2258 1055 2334 Catholicam
1082 2265 1122 2333 et
1145 2258 1269 2333 bonos
1293 2281 1419 2332 mores

181 2373 384 2450 informari
419 2375 646 2450 difficillime
684 2382 857 2474 possunt.
935 2377 1066 2474 Atque
1099 2375 1172 2450 hoc
1210 2399 1256 2449 eo
1295 2371 1419 2472 magis

183 2490 373 2565 miramur
403 2518 446 2567 ac
476 2493 665 2584 dolemus,
691 2494 794 2592 quod
821 2517 964 2591 magna
989 2517 1081 2590 pars
1106 2490 1224 2588 hujus
1250 2488 1419 2589 regionis

182 2605 395 2682 immensae
421 2608 575 2683 usitatis
606 2608 890 2683 rusticanorum
921 2608 1125 2682 homiuum
1156 2606 1341 2704 operibus
1370 2605 1420 2680 sit

183 2723 406 2821 aptissima;
443 2732 481 2799 ot
511 2726 616 2799 haud
647 2724 799 2800 difficile
830 2724 882 2799 sit
915 2723 1143 2822 praesertim
1174 2722 1216 2797 in
1248 2723 1417 2798 occiden-

183 2839 328 2913 talibus
370 2840 606 2938 reipublicae
650 2841 776 2939 plagis
819 2841 929 2915 sedes
971 2840 1130 2914 idoneas
1168 2839 1349 2914 invenire
1382 2845 1419 2913 et

183 2956 353 3030 colendis
379 2957 482 3053 agris
508 2957 714 3055 paullatim
741 2957 937 3031 ditescere.
991 2955 1099 3030 Haec
1121 2963 1314 3053 quatenus
1337 2953 1419 3029 fieri

184 3069 273 3145 licet
315 3073 555 3146 advenarum
604 3072 763 3146 auribus
811 3072 1028 3170 animisque
1070 3097 1184 3168 saepe
1226 3070 1420 3146 inculcent

184 3191 410 3281 sacerdotes,
437 3188 578 3287 ,iisque
621 3191 855 3288 persuadere
898 3189 1073 3262 nitantur
1120 3195 1175 3279 ut,
1219 3187 1254 3262 si
1297 3188 1418 3262 vitam

184 3305 436 3402 tranquillam
466 3312 506 3380 et
536 3331 709 3380 securam
736 3312 880 3397 amant,
906 3304 939 3379 si
966 3330 1077 3379 suam
1103 3329 1273 3402 suaeque
1298 3304 1418 3403 prolis

184 3428 380 3495 aeternam
411 3421 575 3496 salutem
607 3421 713 3496 cordi
747 3421 902 3513 habent,
934 3423 1091 3496 demum
1126 3419 1159 3494 si
1191 3423 1240 3495 de
1271 3420 1419 3496 divitiis

184 3536 427 3635 acquirendis
458 3538 557 3612 serio
588 3538 771 3634 cogitant,
800 3538 914 3612 urbes
949 3539 1129 3611 deserant
1162 3542 1201 3610 et
1235 3562 1419 3635 agrorum

184 3653 344 3727 cultioni
364 3679 404 3728 se
422 3656 578 3729 dedant.

234 3771 320 3845 236.
349 3770 497 3844 Idcirco
516 3796 680 3869 magnae
698 3770 859 3845 utilitati
876 3772 959 3845 fore
975 3795 1187 3863 censemus,
1206 3774 1240 3844 si
1260 3771 1419 3869 quidam

184 3910 231 3959 cx
249 3885 457 3960 Catholicis
475 3887 618 3960 nostris
636 3886 702 3985 qui
721 3886 871 3961 divitiis
889 3895 929 3961 et
945 3885 1172 3961 auctoritate
1193 3889 1302 3985 apud
1319 3887 1420 3962 cives

185 4026 274 4074 suos
300 4002 460 4100 pollent,
488 4002 528 4076 in
555 4003 761 4100 collegium
788 4028 857 4077 scu
882 4002 1101 4077 societatem
1128 4011 1267 4077 coeant
1295 4005 1418 4101 cujus·

184 4118 290 4191 modi
320 4118 452 4215 plures
487 4119 559 4192 hac
592 4117 633 4191 in
668 4118 824 4216 regione
859 4119 1061 4210 habentur,
1092 4119 1202 4216 cujus
1238 4119 1418 4194 beneficio

184 4232 309 4306 coloni
349 4234 536 4307 Catholici
576 4236 711 4308 domos
750 4236 966 4333 fundosque
1004 4245 1164 4332 sumptu
1201 4236 1347 4311 minori
1382 4243 1419 4309 et

184 4349 345 4423 firmiori
380 4350 635 4448 possessionis
672 4352 761 4448 jure
800 4351 873 4425 sibi
916 4359 1152 4448 comparent.
1231 4353 1346 4441 Quod
1386 4351 1417 4425 si

185 4464 354 4557 fecerint,
381 4467 533 4563 egregie
559 4468 607 4540 de
632 4467 820 4564 religione
850 4475 888 4540 et
918 4468 967 4542 de
996 4468 1124 4566 patria
1155 4470 1413 4544 merebuntur.
