3142 5242
177 445 240 508 126
308 458 492 506 TITULUB
517 458 709 506 vr1.-1>r:
738 458 957 505 pueram
986 456 1278 506 enarremus.

174 614 324 690 everint
347 621 386 690 et
405 613 553 690 talenta
573 639 598 689 a
619 612 701 689 Deo
722 619 878 712 accepta
899 613 1099 713 multoque
1120 612 1280 688 foenore
1298 620 1405 687 aucta

174 731 215 805 in
250 730 383 829 Ipsius
425 755 565 806 manus
607 729 853 806 tradiderint.
921 729 1086 806 Utinam
1127 753 1206 805 non
1246 728 1404 818 deficiat,

173 846 295 922 immo
319 854 509 947 augeatur
532 846 574 922 in
601 847 684 922 dies
710 871 897 922 numerus
921 871 1068 939 eorum,
1090 846 1160 946 qui
1185 847 1238 922 ad
1263 847 1405 920 bonum

172 970 367 1038 certamen
393 988 535 1062 magno
559 962 690 1039 animo
708 968 748 1038 et
770 963 885 1038 corde
907 964 1009 1037 bono
1031 968 1072 1038 et
1094 960 1246 1061 optimo
1262 969 1405 1037 certan-

173 1080 267 1154 dum
285 1079 535 1179 accingantur
550 1081 558 1154 l

222 1196 307 1273 227.
334 1197 401 1271 Ad
423 1196 693 1296 ephemerides
717 1198 821 1297 quod
844 1202 1004 1295 spectat,
1021 1195 1137 1271 valde
1160 1201 1345 1295 optamus
1367 1201 1408 1270 ut

172 1311 307 1387 haberi
330 1313 455 1411 possit
477 1339 556 1389 una
579 1338 651 1412 pro
668 1312 834 1412 singulis
857 1311 1080 1412 provinciis,
1098 1337 1199 1411 quae
1214 1336 1405 1387 commen·

172 1430 285 1504 detur
302 1436 341 1506 et
361 1431 538 1505 foveatur
555 1437 605 1523 et,
623 1428 656 1505 si
678 1454 832 1505 necesse
850 1427 979 1526 fuerit,
996 1428 1115 1504 etiam
1132 1453 1207 1527 ope
1223 1426 1407 1528 pecuniae

171 1553 409 1621 sustentetur
426 1546 475 1621 ab
493 1545 709 1645 Episcopis‚
727 1544 810 1622 sive
832 1545 875 1621 id
896 1547 967 1621 fiat
990 1543 1034 1621 in
1056 1542 1229 1620 conciliis
1251 1543 1405 1643 provin·

170 1661 334 1736 cialibus
359 1662 443 1737 sive
468 1661 594 1755 aliter,
618 1668 664 1738 ut
687 1660 764 1760 ipsi
790 1661 931 1737 melius
950 1660 1225 1761 judicaverint
1280 1661 1405 1760 Ephe·

171 1779 338 1853 merides
364 1778 564 1872 scutalia,
590 1785 636 1854 ut
660 1785 812 1872 vocant,
837 1777 1065 1855 dioecesana
1087 1780 1405 1855 commendamus

169 1894 338 1992 quidem,
370 1921 491 1995 quum
522 1895 704 1993 legantur
732 1895 839 1994 apud
872 1893 1059 1971 ruricolas
1087 1894 1340 1995 potissimum
1370 1901 1408 1972 et

169 2011 320 2085 aditum
346 2012 604 2110 praecludunt
627 2011 784 2087 lectioni
810 2010 993 2087 foliorum
1022 2036 1124 2111 quae
1157 2011 1405 2089 dominicalia

168 2129 274 2225 apud
298 2153 369 2203 nos
393 2136 594 2221 vocantur,
618 2153 794 2228 quaeque
815 2127 1032 2227 plurimum
1054 2127 1146 2204 fidei
1168 2135 1210 2204 et
1232 2130 1404 2205 moribus

168 2251 317 2337 nocent,
340 2247 409 2319 sed
435 2246 562 2320 adhuc
587 2244 728 2320 melius
752 2252 794 2320 et
817 2243 1012 2320 salubrius
1037 2244 1182 2343 populo
1209 2246 1405 2323 Catholieo

166 2362 448 2436 consulendum
473 2363 556 2437 fore
575 2361 811 2460 judicamus,
829 2360 864 2435 si
881 2385 960 2436 una
982 2360 1172 2436 habeatur
1187 2363 1405 2461 ephemeris

166 2502 237 2574 pro
254 2477 468 2575 provincia.
509 2477 681 2553 Facilius
698 2483 759 2552 est
774 2477 892 2570 enim,
909 2501 1031 2576 quum
1048 2501 1128 2552 una
1143 2477 1207 2569 sit,
1226 2486 1274 2555 ut
1288 2479 1404 2579 scrip·

166 2600 295 2668 torum
313 2593 470 2692 ingenio
485 2583 770 2693 praestantium
789 2617 908 2691 opera
920 2591 979 2667 uti
995 2592 1130 2691 possit,
1144 2600 1186 2669 et
1200 2596 1406 2693 perfectior

165 2709 206 2783 in
225 2710 308 2785 dies
328 2712 507 2786 evadere.

215 2827 343 2902 Valde
360 2829 577 2925 optandum
602 2834 663 2904 est
685 2834 730 2904 ut
751 2827 793 2903 in
811 2829 980 2927 quadam
1004 2853 1052 2902 ex
1068 2827 1232 2903 urbibus
1250 2829 1404 2928 majori·

165 2944 237 3018 bus
263 2945 455 3019 habeatur
479 2944 618 3019 folium
645 2943 843 3037 diurnum,
868 2945 973 3043 quod
998 2943 1149 3042 opibus,
1176 2947 1405 3021 auctoritate

165 3060 478 3159 scriptorumque
494 3058 652 3159 ingenio
666 3069 706 3135 et
721 3062 894 3159 pondere
909 3059 1004 3135 folia
1020 3061 1185 3159 profana
1201 3063 1401 3161 adaequet.

166 3176 331 3251 Necesse
374 3182 453 3252 no'n
496 3184 566 3270 est,
601 3183 646 3253 ut
683 3176 927 3251 Catholicum
970 3202 1112 3252 nomen
1154 3181 1401 3281 praeseferat.

165 3294 313 3369 Sufficit
342 3301 397 3386 ut,
424 3301 580 3393 praeter
605 3295 706 3368 facta
735 3294 904 3369 recentia
931 3302 973 3369 et
1000 3320 1047 3369 ea
1074 3294 1208 3369 omnia
1232 3284 1334 3395 quiae
1363 3284 1417 3370 in’

164 3411 302 3485 ceteris
335 3410 441 3486 foliis
472 3410 586 3486 avide
616 3418 862 3508 expetuntur,
891 3409 1121 3510 religionem
1150 3411 1402 3506 Catholicam‚

165 3526 231 3602 ubi
265 3526 440 3626 propitia
474 3527 621 3602 occasio
655 3551 697 3601 se
730 3528 901 3625 praebet,
931 3527 1115 3602 defendat
1146 3528 1198 3602 ab
1231 3529 1402 3605 hostium

163 3643 383 3718 incursibus
397 3651 437 3718 et
454 3643 677 3735 mendaciis,
692 3643 851 3742 ejusque
864 3642 1081 3718 doctrinam
1098 3652 1280 3742 exponat,
1295 3671 1401 3744 prae·

162 3767 269 3834 terea
285 3767 413 3834 totum
432 3759 486 3853 id,
500 3762 605 3859 quod
622 3760 894 3834 scandalosum
912 3764 951 3833 et
968 3757 1160 3834 lubricum
1177 3767 1249 3853 est,
1268 3762 1401 3838 sedulo
1427 3766 1430 3771 ⁴

163 3902 186 3950 a
204 3876 417 3974 legentium
436 3876 558 3952 oculis
576 3883 715 3951 arceat.

212 3995 298 4068 228.
352 3993 459 4068 Dum·
501 3993 720 4068 Catholicas
762 3993 1029 4091 ephemerides
1071 3996 1399 4088 commendamus,

161 4110 294 4183 fideles
318 4109 437 4184 etiam
463 4109 632 4183 monitos
649 4110 842 4202 volumus,
861 4135 939 4185 non
963 4134 1096 4184 omnes
1114 4134 1214 4208 quae
1232 4111 1398 4187 Catholi-

161 4250 249 4299 cum
285 4251 425 4300 nomen
456 4226 618 4323 jactant,
654 4251 737 4300 esse
770 4251 861 4301 vere
895 4226 1123 4301 Catholioas.
1186 4228 1399 4327 Scriptores

160 4366 296 4415 earum
318 4342 516 4416 Catlrolico
542 4341 700 4417 nomine
723 4341 952 4439 gloriantur,
974 4344 1042 4417 sed
1065 4344 1245 4441 exemplo
1269 4371 1340 4421 suo
1363 4352 1399 4420 et

161 4458 315 4555 scriptis
350 4467 527 4532 sanctum
572 4458 672 4532 illud
708 4483 849 4532 nomen
883 4459 1117 4533 dedecorant
1157 4467 1197 4534 et
1231 4461 1398 4536 ludibrio

161 4582 369 4671 exponunt.
440 4573 651 4672 Opiniones
686 4574 790 4649 enim
825 4599 915 4649 suas
956 4574 998 4649 in
1033 4575 1174 4673 vulgus
1209 4584 1397 4676 spargunt
