3142 5242
348 484 580 530 susrsssro
610 484 666 529 ux
696 485 786 531 nes.
813 483 1117 531 couscmxrra.
1283 466 1347 529 299

159 643 190 706 3.
220 639 419 705 Huiusmodi
433 650 637 727 praeceptum
651 663 774 727 semper
796 641 831 705 in
853 641 978 727 scriptis
993 638 1209 704 intimandum
1223 648 1279 722 est,
1294 638 1348 705 die

113 753 146 809 et
159 766 267 809 mense
279 744 462 831 designat03
484 744 621 831 ideoque
636 754 744 809 autem
760 744 830 809 fieri
843 742 938 809 debet
951 743 1005 810 vel
1019 743 1060 808 ab
1075 744 1145 830 ipso
1160 742 1346 826 Ordinario,

113 846 168 913 vel
188 847 230 912 ab
251 847 315 912 alia
335 870 470 934 persona
490 846 531 912 de
551 869 701 934 expresso
719 847 819 933 ipsius
836 847 997 914 mandato.
1043 846 1087 911 In
1107 845 1218 912 eadem
1239 855 1347 911 tamen

113 951 315 1016 intimatione
336 950 582 1037 exprimendum
605 960 663 1035 est,
685 950 771 1038 quod
795 950 953 1017 eiusmodi
975 951 1103 1037 punitio
1128 950 1289 1037 irrogatur
1310 950 1347 1015 in

113 1054 182 1121 vim
207 1054 391 1119 Tridentini
415 1053 543 1137 decreti,
565 1054 647 1121 Sess
670 1073 749 1121 xiv.
771 1077 799 1121 c.
823 1057 854 1121 1.
877 1055 917 1120 de
942 1055 1084 1138 reform,
1106 1076 1147 1119 ex
1173 1053 1347 1119 informata

111 1158 311 1241 conscientia,
327 1158 381 1225 vel
402 1181 445 1223 ex
464 1159 568 1224 causis
589 1158 652 1245 ipsi
674 1158 850 1224 Ordinatio
870 1159 966 1226 notis.

155 1264 189 1328 4.
217 1259 346 1328 Debent
367 1262 499 1349 insuper
518 1263 658 1349 exprimi
678 1271 784 1350 partes
804 1263 948 1329 exercitii
969 1263 1092 1328 ordinis
1109 1261 1162 1329 vel
1183 1261 1290 1346 officii,
1304 1261 1345 1327 ad

111 1387 192 1453 quas
201 1365 386 1431 extenditur
395 1367 560 1453 suspensio
571 1393 580 1449 3
593 1366 682 1452 quod
695 1367 724 1432 si
738 1388 909 1452 suspensus
919 1366 1106 1432 interdictus
1120 1367 1164 1431 sit
1176 1367 1218 1432 ab
1232 1365 1345 1448 officio,

110 1468 163 1534 cui
184 1469 266 1534 alter
286 1470 322 1533 in
344 1469 451 1535 locum
472 1470 575 1556 ipsius
595 1469 836 1535 substituendus
855 1479 914 1554 est,
931 1479 968 1535 ut
989 1478 1068 1557 puta
1088 1470 1290 1536 Oeconomus
1310 1469 1345 1534 in

110 1595 187 1638 cura
206 1574 397 1658 animarum,
418 1581 497 1639 tunc
524 1575 717 1640 substitutus
742 1573 918 1640 mercedem
943 1575 1098 1661 percipiet
1122 1597 1163 1639 ex
1188 1573 1347 1639 fructibus

110 1676 254 1743 beneficii
279 1677 314 1742 in
340 1700 377 1743 ea
401 1678 557 1764 portione,
582 1700 665 1766 quae
694 1678 786 1743 iuxta
813 1676 954 1764 prudens
983 1677 1151 1743 Ordinarii
1175 1677 1346 1743 arbitrium

109 1781 284 1847 taxabitur.
324 1783 375 1847 At
395 1782 423 1846 si
443 1804 615 1868 suspensus
636 1782 672 1846 in
693 1780 754 1846 hac
774 1781 938 1847 taxatione
958 1803 992 1846 se
1012 1790 1184 1868 gravatum
1205 1782 1346 1864 senserit,

109 1883 360 1951 moderationem
381 1909 554 1972 provocare
575 1885 693 1973 poterit
706 1885 794 1972 apud
808 1885 930 1950 curiam
952 1884 1275 1971 Archiepiscopalem,
1291 1895 1348 1950 aut

109 1987 206 2053 etiam
220 1988 307 2074 apud
322 1988 438 2054 Sedem
452 1989 683 2076 Apostolicam.

154 2095 185 2158 5.
217 2092 368 2179 Exprimi
383 2093 461 2157 item
476 2093 570 2158 debet
582 2101 709 2180 tempus
719 2092 899 2159 durationis
909 2093 1049 2159 eiusdem
1061 2116 1190 2180 poenae.
1234 2093 1348 2158 Absti-

108 2205 208 2261 neaut
221 2204 327 2261 tamen
342 2195 511 2262 Ordinarii
524 2197 566 2262 ab
580 2197 650 2282 ipsa
663 2196 839 2283 infligenda
852 2197 887 2260 iu
901 2206 1104 2283 perpetuum.
1149 2196 1250 2277 Quod
1263 2197 1292 2262 si
1307 2196 1348 2261 ob

108 2299 273 2387 graviores
293 2322 403 2365 causas
424 2299 618 2365 Ordinarius
639 2300 796 2365 censuerit
816 2323 887 2364 eam
908 2301 1072 2386 imponere
1085 2323 1152 2365 non
1166 2300 1207 2365 ad
1221 2309 1347 2386 tempus

108 2402 368 2488 determinatum,
390 2402 445 2468 sed
466 2403 509 2469 ad
530 2426 626 2468 suum
654 2403 899 2490 beneplacitum,
921 2412 999 2468 tunc
1026 2403 1096 2489 ipsa
1124 2402 1261 2469 habetur
1288 2427 1348 2490 pro

108 2514 322 2593 temporanee,
337 2507 472 2594 ideoque
493 2507 628 2573 cessabit
649 2530 723 2572 cum
744 2506 963 2573 iurisdictione
984 2505 1151 2571 Ordinarii
1167 2508 1348 2593 suspensio-

108 2632 184 2675 nem
199 2610 384 2698 infligentis.

153 2717 185 2780 6.
209 2713 417 2801 Suspensioni
428 2739 469 2780 ex
480 2716 653 2781 informata
662 2716 851 2782 conscientia
860 2715 1212 2802 iustamaclegitimam
1222 2739 1347 2781 causam

108 2817 239 2904 praebet
255 2818 385 2901 crimen,
400 2841 457 2884 seu
476 2820 573 2906 culpa
591 2842 611 2885 a
630 2841 782 2905 suspenso
800 2818 978 2884 commissa.
1023 2818 1115 2884 Haec
1130 2828 1238 2883 autem
1255 2817 1349 2884 debet

107 2943 176 2987 esse
189 2921 323 3005 occulta,
337 2922 430 2987 etita
443 2923 563 3009 gravis,
579 2930 617 2986 ut
630 2922 728 2987 talem
742 2931 959 3008 promereatur
973 2921 1183 3007 punitionem.

154 3025 184 3091 7.
215 3025 272 3090 Ad
291 3024 352 3090 hoc
365 3035 472 3090 autem
492 3036 531 3090 ut
549 3027 592 3090 sit
610 3025 734 3090 occulta
752 3025 935 3112 requiritur,
950 3034 989 3090 ut
1002 3048 1105 3112 neque
1124 3025 1160 3090 in
1180 3024 1347 3110 iudicium,

107 3150 212 3215 neque
230 3129 266 3192 in
286 3151 430 3193 rumores
444 3128 537 3215 vulgi
556 3127 693 3193 deducta
710 3128 762 3211 sit,
778 3150 880 3215 neque
894 3129 1025 3214 iusuper
1042 3128 1198 3194 eiusmodi
1214 3152 1347 3195 numero

107 3240 141 3297 et
164 3232 314 3318 qualitati
339 3255 546 3319 personarum
572 3212 699 3319 cognita
723 3232 775 3315 sit,
801 3232 887 3296 uude
912 3231 1065 3297 delictum
1089 3233 1209 3297 censeri
1236 3232 1349 3299 debeat

107 3336 282 3402 notorium.

153 3443 185 3506 8.
215 3439 344 3509 Verum
365 3450 453 3507 tenet
473 3441 570 3506 etiam
591 3442 754 3526 suspensio
779 3441 807 3505 si
833 3464 872 3505 ex
898 3441 1047 3527 pluribus
1069 3441 1193 3506 delictis
1214 3441 1346 3528 aliquod

108 3541 208 3608 fuerit
221 3552 334 3609 notum
350 3545 385 3608 in
397 3544 516 3631 vulgus
523 3570 533 3627 3
551 3552 609 3608 aut
622 3545 650 3608 si
665 3545 794 3626 crimen,
805 3542 893 3630 quod
906 3555 980 3608 ante
994 3545 1231 3630 suspensionem
1243 3544 1349 3610 fuerat

107 3646 280 3730 occultum,
294 3648 441 3734 deinceps
455 3657 528 3735 post
541 3648 645 3733 ipsam
659 3647 758 3712 fuerit
771 3647 812 3712 ab
826 3647 900 3712 aliis
913 3648 1114 3734 evulgatum.
1138 3668 1140 3672 ·

154 3753 185 3817 9.
215 3750 373 3816 Prudenti
387 3751 521 3816 arbitrio
536 3751 756 3815 Praelatorum
771 3750 964 3837 relinquitur
978 3751 1194 3837 suspensionis
1208 3774 1346 3835 eausam,

107 3877 164 3920 seu
186 3855 289 3941 ipsam
302 3852 440 3941 ¹culpam
460 3854 661 3942 delinquenti
686 3863 743 3919 aut
767 3854 951 3940 patefacere,
972 3864 1030 3920 aut
1050 3855 1188 3920 reticere.
1234 3854 1347 3920 Partes

106 3958 251 4045 alioquin
269 3959 438 4045 pastoralis
457 3957 683 4024 sollicitudinis
704 3966 738 4024 et
757 3957 919 4022 charitatis
937 3958 1122 4022 eorumdem
1142 3967 1247 4042 erunt,
1263 3966 1301 4024 ut
1318 3959 1347 4023 si

106 4063 290 4129 istiusmodi
308 4086 444 4150 poenam
458 4085 609 4148 suspenso
628 4061 830 4126 manifestare
843 4062 1031 4143 censuerint,
1046 4061 1117 4147 ipsa
1135 4085 1176 4127 ex
1195 4063 1347 4148 paternis,

106 4189 188 4253 quas
202 4166 414 4253 interponent,
430 4165 670 4249 monitionibus,
682 4165 799 4230 nedum
814 4164 856 4229 ad
870 4164 1085 4250 expiationem
1099 4165 1221 4251 culpae,
1233 4188 1347 4230 verum

106 4269 205 4334 etiam
214 4269 257 4335 ad
271 4270 524 4335 emendationem
534 4268 759 4355 delinquentis,
771 4277 804 4332 et
817 4267 858 4332 ad
873 4267 1066 4333 occasionem
1081 4266 1231 4354 peccandi
1243 4267 1348 4333 elimi-

107 4372 249 4438 nandam
263 4373 426 4440 inserviat.

154 4478 205 4542 10.
240 4475 450 4541 Meminerint
474 4500 551 4542 vero
577 4474 753 4559 Praesules,
779 4474 867 4562 quod
895 4475 924 4541 si
950 4484 1059 4541 contra
1084 4476 1257 4560 decretum,
1283 4499 1348 4563 quo

107 4578 248 4668 irrogata
262 4580 327 4646 fuit
339 4581 513 4668 suspensio,
528 4591 754 4667 promoveatur
768 4602 914 4643 recursus
928 4579 970 4643 ad
986 4578 1207 4665 Apostolicam
1222 4579 1347 4664 Sedem,
