3142 5242
228 439 292 507 114
334 458 535 539 ΔἸἸΤΙῙΙᾸῚΒ
559 458 734 509 v1.-1>n
761 457 1035 508 Juvsx'rums
1063 456 1394 505 Irts'n'rurlonu.

275 616 360 691 213.
397 615 475 690 Pro
499 640 632 691 rerum
659 621 881 690 nostrarum
907 613 1100 712 adjunctis
1125 619 1165 689 et
1188 612 1316 687 civilis
1342 612 1458 688 socie·

223 731 316 807 tatis
359 731 401 805 in
442 731 503 806 his
540 730 763 832 regionibus
804 730 1058 829 permistione
1099 754 1215 828 saepe
1255 728 1495 827 contingit.

224 855 269 923 ut
302 856 483 947 parentes
518 847 720 924 acatholici
756 872 898 947 pueros
931 855 971 922 et
1003 846 1155 946 puellas
1188 871 1280 920 suas
1315 847 1459 922 nostris

161 1014 168 1029 .
224 964 366 1038 scholis
389 965 653 1063 superioribus
675 963 933 1057 committant,
950 989 1051 1064 quae
1072 962 1160 1038 ideo
1183 963 1284 1038 fiunt
1305 964 1459 1039 scholae

223 1079 312 1178 plus
346 1082 526 1156 minusve
560 1082 715 1158 mixtae.
784 1081 946 1156 Constat
986 1080 1091 1155 enim
1125 1080 1271 1154 multos
1305 1080 1457 1155 acatho-

222 1195 316 1272 licos
350 1197 422 1272 etsi
458 1198 513 1273 rei
548 1198 769 1274 Catholicae
802 1198 972 1273 fautores
1009 1196 1171 1272 minime
1204 1221 1290 1271 esse
1323 1196 1457 1289 velint,

222 1316 439 1390 sacerdotes
481 1323 612 1390 tamen
656 1321 808 1390 nostros
847 1321 887 1390 et
919 1313 1131 1411 religiosos,
1165 1337 1210 1388 ac
1252 1313 1458 1412 praecipue

220 1431 433 1529 religiosas,
465 1437 575 1506 tanta
609 1431 750 1507 fiducia
779 1431 918 1530 dignos
952 1430 1106 1523 habere,
1138 1435 1182 1505 ut
1214 1430 1288 1504 sub
1322 1455 1457 1504 eorum

221 1547 432 1623 directione
466 1555 504 1622 et
539 1548 786 1647 protectione,
818 1546 994 1623 doctrina
1022 1552 1063 1621 et
1094 1546 1272 1645 exemplo
1307 1547 1457 1645 prolem

221 1688 332 1737 suam
359 1663 400 1738 in
428 1671 512 1739 tuto
538 1663 764 1738 collocatam
781 1688 865 1739 esse
881 1664 1052 1738 credant.
1104 1662 1294 1752 Quamvis
1311 1662 1457 1738 alienos

220 1779 391 1877 recipere
408 1805 486 1854 non
513 1780 688 1855 absolute
713 1779 1000 1878 prohibeamus,
1018 1778 1130 1854 enixe
1151 1786 1283 1854 tamen
1310 1778 1455 1877 superi·

220 1919 305 1971 ores
349 1897 553 1971 hortamur
592 1902 636 1972 ut
678 1896 852 1972 moribus
898 1895 1074 1971 omnium
1119 1895 1371 1971 alumnorum
1414 1920 1456 1970 eo

220 2012 442 2111 religiosius
466 2013 685 2113 invigilent,
711 2039 788 2112 quo
814 2012 940 2111 magis
966 2011 1150 2111 permixti
1178 2018 1282 2104 sunt,
1309 2019 1355 2088 ut
1381 2036 1457 2087 non

220 2129 348 2202 solum
367 2130 556 2204 Catholici
582 2130 632 2204 ab
652 2129 875 2204 acatholicis
900 2129 1055 2204 nullum
1080 2128 1373 2223 detrimentum,
1391 2129 1458 2203 sed

221 2269 291 2319 nec
308 2245 510 2321 acatholici
529 2272 552 2321 a
570 2245 779 2320 Catholicis
798 2246 925 2321 ullum
945 2245 1173 2321 scandalum
1193 2243 1409 2343 patiantur.
1436 2274 1439 2281 ·

270 2362 436 2436 Alumni
455 2361 644 2438 Catholici
662 2387 754 2437 vero
772 2361 813 2436 in
830 2362 892 2437 his
913 2361 1055 2437 scholis
1072 2361 1206 2437 mixtis
1223 2361 1366 2459 majori
1382 2386 1458 2461 quo

219 2477 302 2553 fieri
339 2485 469 2576 potest
501 2477 631 2554 studio
673 2477 714 2553 in
758 2477 941 2577 operibus
974 2478 1132 2577 pietatis
1166 2485 1207 2553 et
1238 2477 1459 2553 devotionis

218 2603 469 2669 exerceantur
494 2601 533 2670 et
557 2595 598 2669 in
625 2594 807 2670 omnibus
831 2595 946 2671 rebus
972 2593 1118 2670 divinis
1147 2601 1230 2668 tam
1258 2593 1389 2671 lucide
1416 2619 1460 2669 ac

219 2710 342 2785 solide
368 2709 624 2803 instruantur,
643 2719 688 2785 ut
712 2710 928 2808 periculum
953 2709 1280 2803 indifferentismi,
1299 2710 1334 2786 si
1360 2711 1460 2786 forte

219 2851 266 2900 ex
290 2835 373 2901 tam
400 2837 505 2902 arcto
531 2852 619 2902 cum
646 2827 867 2901 acatholicis
892 2826 1121 2901 commercio
1147 2825 1242 2901 oriri
1266 2827 1459 2921 videatur,

218 2968 379 3040 prorsus
422 2943 594 3018 tollatur.
666 2943 959 3041 Disputationes
1001 2944 1050 3017 de
1091 2943 1209 3018 rebus
1249 2944 1458 3042 religiosis,

219 3059 445 3133 absentibus
463 3085 506 3133 ac
523 3059 655 3133 insciis
672 3058 882 3156 magistris,
901 3084 950 3133 ne
967 3059 1195 3151 habeantur,
1213 3084 1285 3159 per
1301 3061 1461 3159 regulas

219 3175 373 3249 scholae
408 3176 540 3250 stricte
578 3176 840 3274 prohibeatur.
909 3174 999 3250 Non
1030 3176 1136 3250 enim
1170 3176 1339 3274 strepitu
1374 3202 1459 3252 ver·

219 3292 359 3365 borum
383 3298 423 3365 et
445 3300 764 3389 argumentorum
789 3291 1010 3385 certamine,
1029 3293 1098 3366 sed
1122 3291 1253 3391 potius
1277 3294 1460 3392 precibus

219 3413 259 3479 et
275 3406 467 3482 virtutum
486 3407 674 3506 exemplis
691 3416 985 3506 praeceptorum
1002 3415 1041 3482 et
1058 3408 1310 3483 alumnorum
1326 3410 1459 3484 catho-

218 3521 394 3614 licorum,
414 3522 481 3620 qui
498 3523 658 3619 speciali
678 3525 848 3621 quodam
865 3525 981 3598 modo
999 3530 1092 3598 sunt
1107 3523 1237 3622 proles
1253 3523 1460 3600 benedicta

219 3645 259 3712 et
288 3639 471 3736 proprius
502 3640 697 3714 Ecclesiae
726 3641 884 3732 fructus,
910 3640 1106 3733 efficietur,
1132 3647 1177 3715 ut
1204 3639 1233 3714 ii
1263 3641 1333 3740 qui
1363 3642 1460 3716 foris

220 3761 321 3844 sunt,
353 3755 404 3828 ad
438 3753 628 3829 unitatem
659 3754 853 3829 Ecclesiae
881 3764 1138 3849 revertantur,
1169 3757 1289 3832 verbo
1323 3757 1459 3832 Salva·

219 3867 316 3941 toris
346 3868 474 3943 ducti:
520 3869 693 3945 “Omnis
723 3870 839 3945 arbor
868 3870 971 3945 bona
998 3871 1147 3946 fructus
1176 3870 1300 3947 bonos
1328 3873 1459 3950 facit”

225 3983 382 4080 (llatth.
401 4004 477 4057 vu.
495 3987 570 4082 17.)
