3142 5242
582 486 638 531 nn
667 484 902 530 concursu,
1320 467 1362 531 29

124 639 269 716 Norint
319 641 439 717 etiam
491 639 785 731 examinatores,
837 638 878 713 in
929 638 1117 714 relatione
1168 638 1361 738 Episcopo

123 756 299 833 facienda
333 783 412 833 non
439 756 535 832 satis
561 781 655 849 esse,
682 755 716 830 si
747 757 795 831 de
825 781 869 831 eo
900 762 1054 830 tantum
1086 755 1267 847 referant,
1293 755 1361 854 qui

122 869 219 970 ipsis
243 874 368 972 magis
392 874 555 950 idoneus
576 872 774 964 videatur;
801 878 984 946 tenentur
1007 870 1112 946 enim
1137 868 1361 946 renuntiare

123 996 312 1087 quotquot
328 989 457 1066 idonei
477 987 644 1087 judicati
662 987 817 1064 fuerint.
874 986 1004 1085 (Ibid,
1021 986 1048 1062 l.
1066 1012 1110 1079 c,
1128 1012 1167 1063 n.
1185 988 1237 1086 3.)
1363 1067 1370 1086 ‚

171 1106 233 1180 53.
258 1105 556 1181 Examinatores
569 1131 641 1179 sua
653 1104 840 1202 suffragia
852 1105 952 1178 ferre
965 1103 1117 1197 debent,
1131 1102 1360 1202 priusquam

123 1246 146 1295 a
169 1221 251 1296 loco
278 1222 467 1297 examinis
495 1223 697 1297 discedant
722 1227 761 1295 et
785 1220 834 1295 ab
851 1219 1044 1319 Episcopo
1068 1219 1200 1318 ejusve
1216 1219 1359 1295 vicario

123 1337 387 1436 sejungantur.
439 1338 552 1413 Nihil
586 1338 705 1413 refert
739 1345 872 1412 utrum
907 1336 1093 1434 suffragia
1125 1343 1270 1411 secreto
1295 1336 1359 1411 vel

122 1453 254 1550 palam
281 1455 478 1547 ferantur;
506 1454 780 1552 congruentius
808 1459 941 1527 tamen
964 1451 1130 1545 videtur,
1150 1459 1195 1527 ut
1216 1452 1358 1528 exami-

122 1576 276 1644 natores
302 1570 406 1645 inter
431 1597 472 1646 se
498 1569 686 1668 suffragia
710 1568 1007 1661 communicent,
1025 1595 1101 1668 quo
1123 1571 1173 1645 ad
1191 1577 1276 1643 acta
1300 1593 1358 1643 re·

122 1684 215 1758 ferri
232 1685 367 1783 possit,
386 1687 453 1785 qui
478 1685 694 1785 approbati,
713 1684 780 1783 qui
803 1684 1001 1783 reprobati
1017 1684 1172 1760 fuerint.
1229 1684 1358 1784 (Ibid,

122 1798 208 1891 l..‚c
227 1827 264 1878 n.
281 1804 334 1900 4.)

169 1859 231 1994 54.
260 1926 281 1961 “
295 1919 344 1992 In
360 1919 433 1994 hoc
450 1919 761 1995 examinatorum
782 1918 930 2040 judicio
958 1919 1089 1994 nullae
1114 1925 1205 1993 sunt
1228 1925 1359 2016 partes

121 2032 305 2132 Episcopi
329 2036 392 2111 vel
418 2035 552 2110 vicarii
557 2035 651 2134 ,qui
676 2033 861 2133 Episcopi
874 1998 970 2108 loco
996 2034 1166 2109 examini
1191 2034 1357 2127 assistat,
1425 2024 1432 2038 ’

121 2149 196 2223 nisi
219 2151 318 2225 forte
344 2151 655 2226 examinatorum
681 2160 773 2225 vota
800 2150 881 2225 sint
903 2149 1015 2248 paria
1031 2157 1098 2224 aut
1082 2150 1356 2248 tsingularia:

121 2271 213 2340 tunc
229 2266 335 2342 enim
352 2267 549 2366 integrum
567 2267 644 2342 erit
660 2267 855 2367 Episcopo
874 2267 936 2340 vel
954 2266 1098 2340 vicario
1116 2266 1177 2341 cui
1191 2266 1360 2342 voluerit

120 2383 309 2476 accedere,
322 2381 437 2481 juxta
453 2383 737 2459 Tridentinum.
794 2384 907 2481 (Sess.
925 2405 1055 2475 xxiia,
1074 2408 1104 2458 c.
1120 2382 1169 2457 18
1186 2384 1234 2457 de
1253 2383 1353 2479 Res.)

120 2498 277 2544 *Η*
318 2500 385 2592 At,
411 2499 524 2574 sicuti
550 2500 600 2574 ab
625 2499 956 2576 examinatoribus
987 2498 1172 2597 suffragia
1200 2499 1359 2574 ferenda

120 2621 212 2689 sunt
236 2615 370 2690 statim
397 2624 552 2715 peracto
579 2615 768 2709 examine,
792 2615 849 2690 ita
873 2616 993 2691 etiam
1019 2614 1060 2689 in
1086 2621 1229 2690 eventu
1254 2617 1358 2713 quod

121 2730 337 2830 Episcopus
354 2739 424 2807 aut
445 2734 528 2831 ejus
546 2732 714 2806 vicarius
740 2731 857 2807 alicui
881 2734 1058 2807 accedere
1075 2730 1209 2830 possit,
1228 2756 1356 2806 coram

120 2844 259 2921 iisdem
285 2848 615 2923 examinatoribus
649 2848 842 2946 explicare
868 2849 984 2924 debet
1007 2847 1161 2922 cuinam
1192 2850 1356 2941 accedat,

119 2985 207 3037 cum
233 2962 276 3038 id
299 2964 494 3062 pertineat
516 2965 567 3039 ad
591 2963 780 3038 examinis
807 2963 1170 3061 complementum.'’
1228 2963 1356 3063 (Ibin,

120 3077 145 3152 l.
162 3103 206 3168 c.,
225 3104 264 3153 n.
282 3081 335 3177 5.)

169 3197 230 3270 55.
267 3196 425 3271 Prolato
452 3198 502 3273 ab
527 3197 857 3272 examinatoribus
878 3197 1037 3294 judicio,
1055 3197 1189 3271 missio
1216 3198 1284 3295 uni
1311 3224 1357 3273 ex

120 3311 346 3410 approbatis
363 3313 440 3444 erit
455 3314 698 3388 conferenda.
756 3312 885 3411 (Ibid,
904 3313 929 3387 l.
948 3338 991 3406 c.,
1011 3340 1048 3387 n.
1066 3315 1120 3413 6.)

168 3429 231 3503 56.
267 3427 398 3516 Quum
423 3429 647 3527 contingere
671 3427 797 3528 possit
822 3436 866 3503 ut
891 3429 1084 3527 Episcopo
1110 3436 1298 3529 tanquam
1315 3430 1357 3504 in

120 3544 278 3643 specula
293 3544 502 3619 constituto
519 3544 766 3619 subditorum
792 3552 954 3642 pateant
969 3569 1146 3620 excessus
1162 3546 1355 3620 examina-

120 3660 271 3734 toribus
287 3658 423 3759 ignoti,
440 3659 639 3758 integrum
656 3659 692 3736 ei
710 3660 795 3755 erit,
810 3669 972 3760 propter
985 3687 1138 3736 morum
1153 3664 1356 3755 defectum,

119 3775 424 3875 competitorem,
451 3802 567 3876 quem
602 3776 888 3851 examinatores
920 3777 1144 3874 hujusmodi
1171 3778 1272 3852 labis
1299 3777 1355 3877 ig-

121 3891 207 3966 nari
223 3891 399 3967 moribus
416 3918 568 3991 quoque
584 3891 770 3966 idoneum
794 3893 1116 3986 renuntiaverint,
1135 3893 1357 3992 praeterire,

121 4007 319 4107 aliumque
353 4005 570 4082 immunem
605 4034 629 4082 a
663 4010 777 4083 sorde
811 4009 1060 4108 praeeligere.
1117 4010 1262 4108 (Const.
1293 4010 1355 4085 cit.

168 4240 231 4316 57.
267 4239 516 4315 Praedictum
543 4265 716 4332 examen,
735 4241 846 4315 salva
871 4240 1155 4340 Episcoporum
1176 4243 1358 4318 facultate

121 4380 191 4453 pro
214 4355 344 4454 prima
360 4355 444 4432 vice
468 4364 636 4431 rectores
662 4356 932 4431 inamovibiles
959 4356 1187 4433 instituendi
1214 4361 1358 4459 absque

120 4496 319 4565 concursu,
357 4471 399 4545 in
441 4480 642 4571 posterum
685 4473 734 4547 ab
777 4472 959 4547 omuibus
1002 4474 1265 4571 aspirantibus
1307 4479 1357 4551 ad

121 4587 347 4662 missionem
372 4587 709 4662 inamovibilitatis
733 4587 940 4687 privilegio
959 4591 1251 4665 condecoratam
1270 4594 1352 4667 sub·
