3142 5242
428 462 571 509 consr.
600 446 828 508 “nonianos
857 441 1153 507 ronrrrrcas!'
1341 446 1404 509 219

169 628 246 705 apta
267 619 324 683 liat
344 641 509 683 causarum
531 617 702 684 distinctio.
740 608 814 683 ¹Fas
828 626 876 682 est
889 616 1044 681 nimirum
1066 616 1281 703 Regularibus
1294 602 1404 704 appel·

171 721 237 786 lare
256 723 293 785 in
315 722 479 786 (1010111100
499 730 636 804 tantum,
655 721 761 809 quoad
782 721 1073 808 interpretationem
1093 720 1301 804 decretorum,
1323 745 1405 808 quae

170 825 211 890 de
232 825 302 890 iure
322 825 495 920 communi,
510 826 580 891 sive
601 824 763 891 ordinario
781 826 852 891 sive
865 824 1018 911 delegato,
1034 824 1210 910 Regulnres
1224 826 1320 889 etiam
1333 824 1405 889 affi-

169 929 278 1011 ciunt,
301 952 366 1016 quo
387 951 465 994 vero
486 928 528 994 ad
550 929 842 1014 interpretationem
862 927 1000 994 aliorum
1021 926 1219 993 decretorum
1248 928 1345 994 etiarn
1368 929 1404 994 in

168 1033 353 1118 auspcuico.
398 1031 594 1098 Anthentina
615 1053 752 1119 numque
773 1032 991 1118 interpretatio
1012 1054 1094 1118 qnae
1114 1040 1224 1096 manat
1243 1033 1285 1097 ab
1308 1032 1404 1119 Epis-

168 1136 266 1222 copis,
280 1137 337 1223 qni
359 1134 564 1222 Synodorum
585 1145 727 1201 auctores
747 1144 833 1219 sunt,
851 1135 934 1201 tanti
955 1135 1094 1222 profecto
1115 1145 1172 1218 est,
1194 1136 1307 1223 quanti
1327 1145 1404 1201 sunt

169 1239 240 1326 ipsa
258 1239 392 1305 decreta.
438 1239 494 1305 Ex
514 1263 580 1326 quo
601 1238 687 1303 illud
708 1240 840 1305 omnino
853 1247 902 1304 est
914 1262 1117 1324 consequens,
1134 1239 1228 1304 licere
1247 1239 1403 1325 religiosis

168 1342 331 1408 sodalibus
351 1366 373 1408 a
393 1344 499 1431 primo
519 1342 718 1408 decretorum
734 1365 850 1427 genere
862 1343 1024 1429 appellare
1038 1366 1075 1407 eo
1089 1343 1160 1408 iure
1173 1352 1205 1408 01
1218 1343 1324 1426 modo,
1339 1367 1404 1432 quo

169 1446 243 1512 licet
252 1447 385 1512 cuilibet
395 1469 413 1512 e
422 1446 555 1512 dioecesi
570 1446 730 1533 appellare
743 1469 764 1511 a
777 1446 847 1534 lege
860 1447 1033 1530 communi,
1044 1447 1163 1511 scilicet
1172 1448 1208 1511 in
1218 1445 1403 1514 ‹ieoolutiool

168 1552 217 1615 At
226 1567 307 1616 vero
321 1550 363 1616 ad
377 1551 501 1639 reliqua
513 1550 637 1616 decreta
650 1549 738 1637 quod
751 1552 875 1634 attinet,
890 1573 927 1616 ea
940 1561 1023 1616 certa
1036 1549 1102 1615 lata
1115 1561 1225 1616 contra
1245 1551 1404 1639 regulares

167 1656 237 1720 vim
251 1656 470 1742 rationemque
483 1655 564 1742 legis
577 1655 750 1737 amittunt,
772 1676 872 1741 quare
885 1664 1008 1719 constat
1023 1654 1097 1719 illos
1111 1656 1157 1719 sic
1170 1657 1403 1742 exemptionem

166 1781 188 1823 a
201 1758 418 1824 iurisdictione
431 1759 603 1846 episcopali
616 1757 778 1845 possidere
791 1758 841 1822 uti
855 1766 928 1823 ante
938 1758 1156 1845 possederint3
1177 1758 1278 1824 donec
1291 1759 1404 1824 Ponti-

167 1863 235 1928 ficis
249 1864 382 1928 maximi
404 1863 590 1929 auctoritate
610 1863 779 1945 iudicetur,
793 1863 864 1928 iure
877 1884 918 1928 ne
931 1885 973 1926 an
986 1884 1074 1928 secus
1088 1885 1162 1928 cum
1176 1863 1217 1929 iis
1230 1873 1335 1929 actum
1350 1864 1402 1931 sit.

211 1966 377 2033 Hactenus
401 1967 443 2033 dc
467 1967 680 2053 exemptionis
703 1966 898 2054 priiilegi05
927 1990 1014 2031 nunc
1037 1965 1078 2031 de
1103 1967 1143 2031 iis
1167 1968 1403 2054 quaestionibus

165 2070 348 2155 dicendum,
372 2072 490 2158 quibus
512 2071 690 2135 ministeria
712 2071 869 2158 quaedam
892 2093 950 2156 per
972 2069 1133 2157 regulares
1156 2072 1293 2137 exercita
1315 2095 1403 2137 oeca-

166 2166 288 2240 sionem
316 2175 539 2262 praebuerunt.
595 2173 737 2239 Excellit
765 2174 849 2238 inter
877 2173 956 2239 haec
984 2197 1102 2239 munus
1130 2176 1305 2240 curationis
1332 2177 1403 2241 ani-

165 2301 302 2361 marum,
318 2263 406 2367 quod
426 2302 527 2365 saepe,
547 2288 585 2343 ut
607 2278 783 2360 innuimus,
805 2277 962 2365 religiosis
983 2278 1065 2343 viris
1085 2277 1297 2344 demandatur
1318 2279 1403 2346 intra

166 2383 246 2448 fines
258 2382 300 2448 ab
316 2382 484 2469 Episcopis
502 2383 727 2469 praestitutos3
750 2380 838 2446 locus
851 2392 958 2446 autern
973 2381 1014 2446 iis
1029 2382 1146 2448 finibus
1159 2383 1403 2470 comprehensus

164 2487 319 2551 1111010111
343 2487 472 2552 nomine
495 2486 689 2573 designatur.
742 2484 893 2551 Iamvero
914 2485 954 2550 de
976 2485 1029 2550 his
1054 2486 1258 2551 missionibus
1280 2487 1402 2575 discep-

165 2599 268 2656 tatum
293 2591 367 2674 fuit,
381 2614 422 2656 an
445 2600 477 2655 01
499 2589 659 2677 quomodo
681 2589 750 2654 fieri
772 2588 873 2676 possit
894 2588 935 2654 ab
950 2588 1119 2676 Episcopis
1141 2613 1251 2656 earum
1273 2591 1401 2676 divisio,

165 2718 231 2778 sen,
247 2706 285 2760 111
298 2695 362 2760 dici
377 2694 467 2778 solet,
482 2694 732 2759 dismembratio.
776 2692 863 2758 Nam
878 2693 936 2781 qui
951 2693 1163 2779 Regularinm
1185 2695 1256 2760 iura
1269 2696 1402 2761 tueban-

165 2809 230 2882 tur,
255 2799 413 2886 negabant
435 2798 519 2863 hano
540 2797 733 2864 divisionem
756 2797 824 2862 fieri
850 2820 941 2884 posse
963 2797 1025 2861 nisi
1053 2797 1205 2885 legitimis
1227 2799 1268 2864 de
1290 2800 1401 2883 causis,

164 2903 380 2990 adhibitisque
394 2903 474 2968 iuris
487 2901 650 2967 solemniis
664 2924 746 2988 quae
759 2902 952 2988 praescripta
966 2911 1043 2966 sunt
1057 2902 1098 2966 ab
1112 2902 1302 2969 Alexandro
1316 2903 1403 2970 ΙΙΙ.ι

165 3019 197 3073 01
211 3031 231 3073 a
246 3007 391 3072 Concilio
406 3002 621 3072 Tridentino,³
663 3005 743 3071 Alia
756 3028 834 3071 vcro
848 3014 916 3070 erat
931 3005 1165 3093 Episcoporum
1180 3008 1332 3094 opinatio.

210 3111 359 3177 Profecto
373 3112 400 3176 si
415 3110 533 3177 divisio
549 3111 604 3175 fiat
620 3109 781 3197 paroeciae
795 3109 864 3175 veri
879 3110 1030 3193 nominis,
1045 3111 1114 3176 sive
1130 3111 1311 3199 antiquitus
1327 3136 1402 3179 con-

165 3215 261 3299 ditae,
275 3216 345 3280 sive
362 3215 533 3280 recentiore
551 3213 704 3279 memoria
726 3213 796 3277 iure
817 3213 1016 3296 constitutae,
1031 3213 1245 3279 dubitandum
1267 3239 1333 3281 non
1356 3227 1403 3283 est

164 3320 245 3407 quin
268 3319 358 3384 nefas
379 3319 422 3383 sit
436 3317 596 3404 Episcopo
618 3340 776 3382 ‹anonum
798 3317 991 3404 praescripta
1012 3327 1221 3385 contemnere.
1265 3320 1314 3385 At
1328 3321 1402 3386 Bri-

164 3424 310 3489 tannicae
332 3423 496 3488 missiones
516 3421 691 3509 generatim
713 3421 747 3485 in
771 3420 928 3508 paroecias
948 3421 991 3486 ad
1016 3421 1097 3486 iuris
1118 3423 1262 3489 tramites
1283 3437 1402 3491 erectae

142 3520 230 3595 'non
252 3537 345 3609 snnt;
370 3527 487 3591 idcirco
508 3548 633 3591 sacrum
653 3524 834 3591 Consilium
855 3524 1028 3590 christiano
1050 3526 1172 3591 nomini
1195 3528 1402 3616 propagando

164 3655 250 3705 anno
264 3648 469 3696 Mnoocnxvl
484 3628 624 3694 officium
638 3628 822 3715 applicandi
837 3629 966 3693 missam
986 3652 1046 3716 pro
1065 3630 1187 3716 populo
1206 3631 1249 3696 ad
1269 3632 1401 3719 Episco-

165 3759 245 3823 pum
259 3736 417 3822 pertinere
430 3733 561 3816 censuit,
577 3741 742 3819 propterea
756 3731 844 3819 quod
858 3731 1049 3797 dioecesium
1064 3732 1322 3799 Britannicarum
1336 3760 1400 3802 non

165 3862 202 3904 ea
222 3839 266 3904 sit
286 3837 481 3921 constitutio,
503 3837 596 3901 utin
618 3857 711 3902 veras
732 3834 890 3921 paroecias
911 3834 1082 3922 dispositae
1102 3836 1177 3902 sint.
1223 3837 1340 3927 Itaque
1360 3838 1401 3904 ad

165 3942 358 4008 divisionem
384 3941 544 4006 missionis
570 3938 725 4025 simplicis
750 3961 787 4004 ea
809 3938 890 4003 iuris
914 3939 1069 4004 solemnia
1092 3940 1312 4008 transferenda
1337 3966 1400 4008 non

165 4057 250 4129 sunt,
266 4069 348 4135 quae
361 4068 458 4132 super
471 4042 751 4110 dismembratione
763 4043 982 4130 paroeciarum
1004 4043 1135 4110 fuerunt
1153 4046 1344 4130 constituta3
1365 4071 1401 4113 eo

165 4150 219 4216 vel
245 4151 348 4237 magis
369 4148 458 4237 quod
482 4156 614 4235 propter
636 4146 826 4211 missionum
851 4145 992 4211 indolem
1015 4158 1047 4212 et
1072 4148 1245 4234 peculiares
1266 4150 1402 4215 circnm-

165 4254 308 4338 stantias,
331 4275 465 4318 numero
490 4251 599 4339 plures
624 4273 661 4315 aa
684 4249 819 4316 leviores
841 4272 952 4314 causae
976 4253 1102 4337 possint
1126 4274 1298 4335 occurrere,
1321 4276 1402 4340 quae

165 4357 299 4422 istarum
320 4357 513 4423 divisionem
535 4354 697 4436 suadeant,
718 4376 815 4441 quam
837 4376 918 4441 quae
940 4353 1010 4418 iure
1030 4353 1180 4420 definitae
1200 4355 1266 4421 sint
1287 4368 1324 4421 ut
1346 4358 1403 4422 fiat

199 4506 314 4563 ¹Bened.
327 4509 405 4562 XIV.
417 4511 447 4560 dc
457 4509 549 4575 ngod.
560 4507 645 4559 Diooe.
659 4506 719 4558 Lib.
732 4508 764 4557 13
776 4522 833 4573 cap.
846 4508 862 4557 5
875 4506 887 4569 Ξ
899 4509 922 4558 2.

197 4591 280 4660 ¹Cup.
292 4593 489 4644 0110111ὼηὶ01
499 4589 644 4641 (1οΕ00100
656 4588 759 4641 aedific.
937 4587 1020 4642 'Sena
1034 4593 1066 4642 21
1078 4593 1310 4660 mpddcresorm.

1260 4750 1535 4912 Α
