3142 5242
401 471 456 517 DE
485 472 837 521 CONSULTORIBUS
867 472 1170 519 DIOEOESANIS.
1363 459 1404 521 15

168 627 389 702 0010101010
402 628 538 721 001010,
551 627 736 721 doctrina,
749 628 968 727 prudentia,
980 653 1111 702 rerum
1124 628 1404 729 hominumque

167 742 417 841 experientia,
435 768 583 818 necnon
601 767 798 819 sacrorum
815 768 1008 819 canonum
1026 749 1067 819 et
1089 743 1403 820 dioecesanorum

167 865 402 934 statutorum
429 859 677 934 observantia
699 859 884 958 insignes.
937 858 1143 958 Ejusmodi
1165 859 1404 935 consultores

167 999 329 1049 numero
359 975 503 1051 debent
531 1000 615 1052 esse
644 1001 712 1051 sex
736 975 800 1051 vel
830 975 969 1051 saltem
995 982 1183 1074 quatuor;
1218 974 1285 1051 ubi
1310 1001 1403 1051 vero

167 1089 276 1165 nullo
293 1092 410 1166 modo
426 1097 487 1166 101
502 1090 638 1166 haberi
655 1098 850 1191 poterunt,
869 1091 949 1166 sint
966 1090 1105 1167 0011001
1122 1093 1211 1168 duc.

216 1208 277 1282 19.
306 1206 489 1305 Eligendi
512 1214 628 1283 erunt
648 1208 888 1283 consultores
911 1208 961 1282 ab
984 1206 1187 1307 Episcopo,
1206 1233 1253 1283 00
1271 1213 1403 1285 tamen

166 1322 327 1414 ratione,
342 1329 386 1398 ut
398 1323 604 1398 dimidiam
618 1348 754 1398 eorum
771 1331 924 1423 partem
938 1323 1058 1422 eligat
1069 1349 1118 1398 ex
1130 1349 1224 1417 sese,
1239 1325 1402 1400 alteram

166 1464 258 1514 1010
276 1445 429 1538 partem
447 1439 604 1515 nonnisi
626 1446 717 1539 post
740 1439 1047 1540 propositionem
1064 1439 1168 1515 cleri.
1222 1439 1402 1539 Proposi-

166 1554 219 1630 tio
238 1563 370 1630 autem
387 1581 436 1630 ex
451 1562 564 1655 parte
579 1555 673 1631 cleri
690 1557 757 1631 fiet
773 1556 846 1631 hoc
863 1557 995 1631 modo:
1025 1555 1170 1654 singuli
1187 1558 1402 1633 sacerdotes

167 1671 231 1769 qui
249 1670 292 1745 in
311 1671 474 1746 dioecesi
492 1696 600 1747 sacro
619 1671 835 1747 ministerio
848 1672 1075 1770 funguntur,
1091 1671 1283 1770 Episcopo
1297 1672 1401 1748 exhi·

166 1787 314 1862 bebunt
336 1788 495 1862 nomina
519 1813 655 1863 eorum
677 1787 832 1888 scripta,
851 1812 948 1887 quos
971 1813 1042 1887 pro
1068 1814 1230 1864 munere
1252 1789 1401 1865 cousul-

166 1911 295 1979 torum
325 1902 485 1978 idoneos
520 1904 755 2003 putaverint,
783 1904 876 2003 quin
903 1904 1074 1979 taxative
1100 1904 1250 2003 aliquos
1277 1905 1400 2004 desig·

166 2028 269 2095 nent.
323 2018 401 2095 Pro
425 2045 657 2119 unoquoque
680 2020 878 2119 seligendo
903 2019 1124 2096 consultore
1146 2020 1223 2096 tria
1244 2021 1403 2096 nomina

166 2136 332 2234 proponi
355 2137 517 2229 debent3
548 2162 597 2211 ex
619 2136 680 2211 his
704 2162 796 2212 vero
824 2136 1040 2234 Episcopus
1067 2162 1132 2211 eos
1157 2137 1284 2235 eliget,
1306 2162 1402 2236 quos

166 2251 307 2350 ipsein
326 2252 496 2327 Domino
514 2253 684 2351 aptiores
704 2252 951 2350 judicaverit.

214 2369 276 2443 20.
295 2369 362 2443 Ad
374 2368 650 2443 Consultorum
665 2368 936 2443 attributiones
950 2371 1054 2467 quod
1071 2370 1250 2467 pertinet,
1266 2368 1402 2445 Patres

166 2486 213 2560 de
236 2484 299 2559 his
323 2492 607 2560 convenerunt:
640 2488 681 2560 1ο
701 2484 917 2576 Consilium
943 2486 1210 2561 consultorum
1228 2486 1403 2586 exquiret

166 2601 383 2700 Episcopus
413 2626 484 2700 pro
519 2602 667 2700 synodo
703 2600 928 2676 dioecesana
962 2600 1168 2677 indicenda
1202 2608 1242 2677 et
1274 2601 1400 2702 publi·

165 2719 299 2793 canda.
352 2720 394 2791 2⁰
420 2716 462 2791 Si
486 2717 686 2815 contingat
703 2724 747 2793 ut
763 2716 897 2792 missio
915 2742 984 2792 seu
1002 2717 1186 2816 parochia
1203 2718 1335 2818 aliqua
1351 2718 1403 2794 sit

165 2833 493 2926 dismembranda,
511 2833 792 2933 exquirendum
810 2833 886 2908 erit
901 2833 1106 2909 consilium
1123 2833 1401 2926 consultorum,

166 2956 368 3025 necnonet
383 2949 543 3024 10010110
560 2949 900 3025 dismembrandae
917 2949 1125 3025 missionis.
1179 2953 1221 3026 3ο
1241 2951 1400 3027 Consul·

165 3073 295 3141 torum
321 3065 416 3140 item
442 3065 662 3164 requiretur
687 3065 904 3158 consilium,
931 3067 1085 3165 quando
1112 3065 1154 3142 id
1185 3075 1331 3165 agetur,
1358 3076 1402 3142 ut

166 3182 300 3256 missio
326 3206 395 3257 seu
420 3181 604 3280 parochia
632 3183 811 3257 tradatur
837 3182 952 3256 alicui
979 3183 1151 3259 familiae
1176 3183 1400 3281 religiosae3

166 3324 241 3397 quo
259 3298 301 3373 in
319 3323 411 3373 casu
427 3298 642 3372 neccssaria
659 3298 734 3373 erit
750 3298 868 3373 etiam
881 3297 997 3372 venia
1015 3300 1052 3373 S.
1067 3299 1188 3374 Sedis.
1241 3302 1284 3373 4ο
1303 3299 1400 3374 Con·

165 3415 359 3489 sultorum
376 3414 582 3489 0000111001
599 3414 824 3513 exquiretur
840 3414 881 3488 in
899 3414 1179 3489 constituendis
1205 3415 1401 3514 deputatis

166 3556 236 3629 pro
268 3530 487 3606 seminariis
518 3530 764 3605 dioecesanis.
816 3534 858 3605 5ο
890 3531 992 3605 11010
1023 3531 1287 3606 consultorum
1313 3557 1400 3605 eon·

166 3647 298 3723 silium
322 3645 582 3721 necessarium
599 3646 675 3721 erit
690 3645 732 3720 in
751 3645 928 3745 eligendo
947 3671 1048 3720 novo
1066 3648 1285 3722 consultore
1302 3653 1341 3722 et
1358 3647 1399 3721 in

166 3762 356 3862 eligendis
380 3761 709 3837 examinatoribus
735 3761 802 3860 qui
828 3762 908 3836 sint
932 3761 1015 3837 loco
1042 3762 1299 3861 synodalium.
1358 3766 1400 3837 6Ο

167 3879 330 3968 Quando
357 3879 486 3976 agitur
512 3877 696 3952 debonis
722 3885 762 3952 et
786 3878 917 3952 fundis
949 3878 1131 3953 dioecesis
1161 3880 1225 3952 101
1250 3879 1399 3954 missio·

167 4020 260 4070 num
283 3993 555 4094 permutandis
575 3993 739 4092 aliisque
763 3993 934 4092 agendis,
953 4020 1052 4093 quae
1070 3994 1237 4092 speciem
1256 3995 1400 4070 alicna-

165 4111 282 4186 tionis
308 4135 404 4209 prae
424 4135 465 4185 se
489 4111 630 4202 ierunt,
657 4109 724 4185 ubi
750 4135 905 4185 summa
930 4110 1115 4209 pecuniae
1140 4136 1217 4186 non
1244 4114 1402 4187 excedat

166 4228 340 4302 valorem
375 4227 544 4326 quinque
579 4226 748 4300 millium
784 4234 1033 4319 scutatorum,
1070 4226 1253 4326 Episcopi
1288 4227 1401 4302 liberi

167 4350 301 4437 erunt3
336 4343 404 4417 ubi
429 4367 521 4418 vero
548 4342 746 4440 negotium
773 4368 858 4417 00111
886 4367 1080 4417 0010111010
1113 4352 1282 4440 superat,
1309 4352 1401 4418 tuno

166 4458 379 4558 requiritur
420 4458 625 4534 consilium
671 4459 946 4551 consultorum,
991 4484 1111 4559 eoque
1162 4460 1400 4557 praehabito,

168 4575 383 4650 0000000110
408 4584 467 4650 001
492 4575 527 4648 S.
546 4575 657 4649 Sedis
682 4574 898 4672 permissio.
968 4575 1115 4650 Verum
1141 4601 1261 4674 quum
1288 4602 1400 4674 pecu·
