3142 5242
411 463 466 509 ua
494 463 754 510 suuruxnrrs
783 464 1042 511 nascamus.
1302 452 1344 514 85

111 618 266 711 devotio
296 618 338 692 in
368 618 559 717 Spiritum
590 619 786 712 Sanctum,
818 627 862 695 ut
890 619 958 695 ille
987 619 1156 718 Spiritus
1187 620 1342 713 Christi,

110 734 263 810 Summi
288 734 516 828 Sacerdotis,
539 734 671 811 veniat
695 734 736 810 in
762 735 930 830 clericos,
954 736 1061 834 apud
1085 761 1150 811 eos
1175 743 1343 831 maneat,

111 850 154 925 in
178 850 311 950 eisque
334 859 535 950 operetur3
561 877 679 951 quem
704 851 745 926 in
771 852 888 928 finem
913 854 1231 936 commendamus
1249 852 1344 927 Con·

110 966 367 1042 fraternitatis
400 968 610 1043 Servorum
648 968 817 1068 Spiritus
851 968 981 1044 Sancti
1024 969 1343 1068 propagationem

111 1081 153 1158 in
178 1082 409 1175 seminariis,
427 1109 527 1182 quae
551 1084 847 1159 confraternitas
873 1111 896 1159 a
921 1085 958 1161 S.
977 1085 1076 1160 Sede
1095 1076 1179 1183 jam
1203 1110 1342 1184 appro-

111 1199 203 1275 bata
227 1207 297 1275 est.

162 1319 247 1393 166.
281 1318 586 1393 Seminariorum
616 1343 759 1393 munus
786 1344 907 1418 quum
937 1319 989 1394 sit
1014 1319 1160 1417 duplex
1185 1320 1342 1394 clericos
1383 1402 1388 1410 ,

109 1439 197 1510 111111
222 1433 367 1534 pietate
392 1441 477 1509 tum
507 1434 668 1509 scientia
692 1434 877 1527 imbuere,
901 1442 1108 1534 postquam
1134 1435 1342 1511 statuimus

109 1574 182 1650 per
210 1575 309 1650 quae
338 1549 476 1651 pietati
504 1550 739 1644 consulatur,
766 1557 943 1649 superest
972 1558 1016 1626 ut
1045 1552 1094 1627 de
1124 1552 1342 1627 studiorum

109 1665 272 1760 ratione,
298 1692 398 1767 quae
422 1667 631 1766 expediant
654 1666 897 1743 definiamus.

162 1783 210 1858 In
234 1784 414 1859 omnibus
439 1783 561 1883 igitur
582 1783 802 1859 seminariis
827 1784 1050 1883 majoribus,
1076 1791 1156 1860 tam
1184 1785 1341 1883 provin·

110 1899 273 1976 cialibus
306 1924 424 1999 quam
459 1899 695 1976 dioecesanis
728 1908 798 1976 aut
836 1900 1011 1999 privatis,
1046 1901 1129 1976 sive
1163 1927 1188 1977 a
1220 1926 1341 1976 sacer·

110 2016 266 2092 dotibus
283 2016 544 2092 saecularibus
560 2015 644 2093 sive
666 2042 691 2092 a
710 2015 982 2116 religiosorum
1002 2017 1193 2094 institutis
1209 2042 1343 2117 regan·

109 2137 187 2225 tur,
200 2133 420 2208 studiorum
437 2133 672 2209 curriculum
690 2158 768 2208 non
786 2133 985 2232 pauciores
1002 2159 1119 2234 quam
1137 2159 1205 2209 sex
1221 2159 1344 2210 annos

109 2248 397 2347 complectetur,
415 2274 581 2348 quorum
599 2251 677 2324 duo
693 2249 973 2350 philosophicis
990 2249 1207 2349 disciplinis
1233 2249 1342 2326 attri·
1440 2276 1444 2286 ·

109 2364 266 2459 buendi,
293 2365 521 2465 theologicis
547 2391 639 2443 vere
664 2373 842 2466 quatuor.
894 2364 1008 2456 Quod
1036 2367 1195 2466 quidem
1222 2366 1343 2442 studi·

109 2507 223 2558 orum
252 2482 487 2558 curriculum
517 2508 652 2559 omnes
676 2482 804 2558 clerici
834 2482 900 2582 qui
928 2483 978 2557 ad
1004 2507 1156 2557 sacrum
1185 2485 1345 2584 presby·

108 2605 258 2674 teratus
299 2598 477 2674 ordinem
519 2599 741 2699 promoveri
783 2601 956 2698 cupiunt,
991 2598 1142 2698 integre
1175 2607 1216 2676 et
1255 2625 1343 2675 oum

109 2715 315 2791 sufficienti
338 2739 515 2791 successu
538 2718 740 2792 absolvere
764 2724 958 2808 tenentur,
977 2714 1053 2790 nisi
1079 2716 1129 2790 ab
1151 2716 1343 2814 Episcopo

108 2832 161 2906 ob
184 2831 438 2930 gravissimas
462 2833 634 2908 rationes
659 2832 897 2931 dispensatio
927 2832 969 2906 in
996 2857 1087 2907 casu
1116 2831 1343 2930 particulari

108 2949 270 3024 obtenta
292 2947 422 3025 fuerit.

161 3066 247 3141 167.
275 3064 550 3164 Philosophiae
563 3091 697 3142 cursus
714 3067 991 3165 complectetur
1008 3065 1204 3163 Logicam,
1218 3065 1341 3141 Meta·

108 3181 312 3282 physicam
347 3189 387 3256 et
420 3181 602 3258 Ethicam
631 3207 721 3257 cum
747 3182 950 3280 principiis
985 3181 1011 3256 J
1013 3182 1094 3257 uris
1128 3181 1342 3274 Naturalis,

107 3323 176 3376 eas
200 3298 348 3374 scilicet
372 3298 598 3398 disciplinas
622 3324 722 3397 quae
752 3297 1048 3397 Philosophiam
1083 3297 1341 3390 Rationalem,

108 3439 228 3516 quam
271 3415 415 3507 dicunt,
458 3415 719 3508 constituunt;
763 3415 919 3490 uberius
961 3414 1080 3489 etiam
1120 3413 1344 3489 excolantur

108 3531 360 3607 scientiarum
395 3531 651 3631 Physicarum
684 3530 877 3632 principia
902 3538 942 3606 et
970 3531 1163 3606 elementa
1190 3529 1275 3628 jam
1300 3529 1342 3605 in
1437 3561 1439 3564 ’

108 3648 327 3723 minoribus
352 3648 572 3723 seminariis
596 3648 754 3742 tradita,
771 3673 848 3747 quo
865 3648 962 3722 fiant
978 3648 1104 3745 magis
1128 3646 1343 3745 comparati

108 3764 308 3840 auditores
333 3766 385 3841 ad
410 3766 643 3864 detegendos
668 3765 998 3863 confutandosque
1017 3787 1178 3855 errores,
1197 3761 1263 3862 qui
1280 3761 1343 3837 his

108 3880 328 3979 disciplinis
363 3889 496 3957 nostra
528 3889 654 3957 aetate
687 3880 834 3981 passim
867 3878 1101 3955 inseruntur.
1162 3878 1343 3954 Facultas

108 3996 342 4096 Theologica
370 3981 671 4097 comprehendet
704 3997 953 4096 Theologiam
987 3994 1342 4094 scholastico-Dog-

109 4112 295 4188 maticam
328 4139 373 4190 66
407 4114 611 4207 Moralem,
645 4112 851 4212 Exegesim
886 4111 1089 4205 Biblicam,
1125 4111 1343 4186 Historiam

110 4229 435 4324 Ecclesiasticam,
453 4229 726 4306 Institutiones
751 4229 777 4304 J
779 4229 860 4304 uris
881 4227 1076 4321 Canonioi,
1095 4252 1243 4302 necnon
1260 4252 1342 4302 cur·

110 4370 177 4421 sus
196 4345 398 4447 Liturgiae
413 4347 648 4423 theoreticae
664 4354 703 4421 et
720 4345 922 4445 practicae,
939 4352 979 4420 61
995 4345 1133 4420 Sacrae
1150 4343 1343 4443 Eloquen-

109 4463 200 4539 tiae.
253 4462 464 4538 Directoris
481 4463 643 4563 spiritus
659 4463 734 4538 erit
750 4461 907 4536 elericos
924 4486 996 4560 pro
1014 4461 1197 4559 cujusque
1214 4459 1345 4535 indole

110 4584 152 4654 et
167 4603 352 4655 mensura
367 4579 517 4678 gratiae
533 4578 630 4678 ipsis
643 4578 926 4654 communicata
943 4577 1152 4675 Theologia
1170 4575 1347 4652 Ascetica
