3142 5242
168 448 232 511 160
319 463 503 509 rrrunus
531 462 707 509 rx.-1›r
737 462 862 509 noxis
892 459 1257 508 mrcnrsrnsrrcrs.

165 618 239 693 hoo
268 619 419 693 duobus
449 619 589 693 saltem
620 619 818 692 mensibus
848 625 939 693 ante
967 626 1134 692 mortem
1163 614 1285 690 fuerit
1318 640 1402 690 con·

167 735 367 833 scriptum.
418 736 484 810 Ad
510 733 760 834 prudentiam
785 744 917 810 autem
941 730 1165 809 confessarii
1193 730 1405 831 pertinebit

166 877 255 926 curn
288 858 513 950 aegrotante
546 853 743 926 sacerdote
776 850 849 926 hac
876 852 926 927 de
960 876 1003 926 re
1035 874 1162 949 agere,
1192 854 1402 948 antequam

167 969 487 1044 sacramentalem
530 967 614 1067 ejus
656 967 937 1042 confessionem
978 965 1158 1066 excipiat.
1231 963 1402 1040 Maxime

166 1109 283 1182 porro
317 1087 545 1182 optandum,
581 1092 625 1160 ut
660 1109 761 1160 unus
795 1084 934 1159 saltem
969 1085 1148 1159 sacerdos
1181 1082 1331 1182 pietate
1361 1105 1402 1155 ac

167 1199 376 1298 prudentia
404 1199 736 1294 commendabilis,
765 1200 823 1276 uti
853 1208 1033 1277 executor
1061 1198 1288 1275 testamenti
1316 1222 1400 1273 con·

167 1317 363 1392 stitnatur.

216 1433 302 1510 278.
337 1433 423 1524 Quo
455 1434 595 1510 melius
627 1435 887 1534 prospiciatur
911 1432 1108 1509 securitati
1137 1433 1401 1532 pecuniarum,

167 1549 200 1624 si
234 1576 330 1649 quas
364 1575 483 1649 pones
517 1576 558 1626 se
591 1552 771 1642 habeant,
806 1552 1053 1650 potissimum
1087 1574 1180 1624 vero
1220 1548 1334 1624 libris
1365 1554 1402 1623 et

167 1667 409 1742 documentis
434 1667 732 1766 parochialibus,
758 1667 785 1743 i.
803 1694 836 1743 e.
860 1666 1034 1765 regestis,
1059 1666 1160 1743 libro
1185 1674 1400 1764 computus,

166 1781 396 1875 inventario,
414 1790 659 1877 testamento,
676 1791 944 1860 contractuum
972 1782 1219 1883 syngraphis,
1239 1780 1401 1881 aliisque

166 1898 390 1998 hujusmodi
421 1899 636 1999 scripturis
666 1926 881 1994 monemus,
910 1908 955 1976 ut
985 1898 1250 1999 unusquisque
1279 1906 1401 1974 rector

166 2013 207 2090 in
233 2017 348 2091 domo
377 2041 459 2108 sua,
485 2015 548 2091 vel
575 2017 653 2092 alio
681 2017 764 2092 loco
794 2024 878 2092 tuto
907 2043 951 2093 ac
977 2015 1235 2109 convenienti,
1262 2015 1401 2090 habeat

166 2157 294 2206 arcam
332 2133 497 2207 ferream
537 2134 659 2233 (Sqfe)
698 2160 796 2232 quae
833 2132 996 2209 Archivi
1030 2131 1267 2233 parochialis
1301 2132 1400 2206 vices

164 2246 339 2346 impleat.
410 2248 459 2323 In
488 2249 561 2325 hac
587 2248 708 2348 igitur
742 2276 832 2325 arca
864 2248 956 2326 libri
986 2247 1174 2349 praedicti
1206 2256 1246 2323 et
1272 2248 1400 2323 omnia

165 2362 425 2440 instrumenta
454 2366 642 2459 officialia,
670 2365 753 2442 sive
782 2368 1009 2442 dioecesana
1037 2363 1120 2441 sive
1149 2364 1295 2458 civilia,
1321 2372 1400 2441 tam

165 2506 263 2579 quae
296 2506 358 2555 res
393 2480 615 2578 spirituales
649 2508 767 2582 quarn
797 2482 1031 2581 temporales
1066 2480 1263 2556 missionis
1298 2505 1398 2580 spec·

164 2603 260 2687 tant,
287 2598 422 2672 sedulo
449 2623 493 2673 ac
521 2605 606 2673 tuto
633 2598 912 2674 custodiantur.

214 2714 300 2789 279.
334 2714 375 2787 Si
403 2739 505 2788 nova
534 2716 666 2813 aliqua
691 2715 851 2789 ccclesia
878 2715 930 2790 sit
959 2713 1153 2813 erigenda,
1180 2714 1243 2789 vel
1271 2713 1399 2789 schola

164 2837 204 2905 et
220 2832 358 2905 domus
376 2832 664 2931 presbyteralis
682 2832 745 2906 vel
764 2830 797 2905 si
815 2830 1039 2929 hujusmodi
1056 2830 1276 2905 aedificium
1294 2840 1397 2905 nota·

164 2945 295 3020 bilitcr
324 2946 616 3021 immutandum
652 2948 705 3022 sit
734 2948 797 3021 vel
832 2949 1065 3045 augendum,
1096 2953 1165 3020 aut
1197 2945 1398 3020 ruinosum

164 3062 411 3155 diruendum,
433 3074 602 3138 rectores
627 3064 707 3140 tale
732 3089 830 3162 opus
857 3090 934 3138 non
961 3062 1251 3161 aggrediantur,
1275 3062 1397 3160 prius·

164 3204 280 3277 quam
316 3179 516 3254 Ordinarii
550 3180 748 3255 licentiam
784 3180 969 3278 scriptam
1004 3178 1257 3254 obtinuerint.
1316 3177 1399 3253 Hac

163 3294 248 3393 loge
274 3320 352 3370 non
378 3296 506 3371 solum
529 3322 666 3372 cavere
682 3297 876 3388 volumus,
895 3322 944 3371 ne
969 3295 1129 3371 aedibus
1154 3294 1400 3371 eclesiasticis

163 3437 446 3509 supervacanee
469 3420 538 3487 aut
560 3413 828 3511 imprudenter
845 3411 1073 3488 constructis
1091 3411 1340 3510 querelarum
1363 3422 1400 3487 et

163 3528 376 3603 murmuris
405 3554 501 3603 ansa
531 3531 773 3628 praebeatur,
801 3531 870 3604 sed
897 3529 1021 3603 multo
1052 3527 1182 3626 potius
1210 3527 1401 3626 impedire

162 3644 369 3743 quominus
386 3645 566 3721 ecclcsiae
583 3671 671 3720 aere
687 3646 815 3720 alieno
835 3654 980 3720 temere
1003 3652 1042 3719 et
1064 3644 1217 3719 incaute
1235 3669 1399 3742 graven-

162 3768 235 3837 tur.
288 3761 418 3859 Igitur
444 3761 687 3837 strictissime
717 3762 980 3861 prohibemus,
1009 3769 1187 3836 vetamus
1215 3768 1255 3835 et
1282 3759 1399 3835 iuter·

163 3877 339 3970 dicimus,
358 3903 407 3952 nc
424 3878 511 3977 quis
528 3886 665 3973 rector,
683 3881 873 3972 sacerdos,
891 3884 931 3953 et
954 3876 1010 3977 pii
1034 3876 1108 3952 loci
1131 3883 1300 3971 curator,
1317 3877 1401 3952 sire

162 3994 341 4069 ecclesiae
367 3994 450 4069 sive
473 3995 670 4069 missionis
696 3995 779 4070 sive
802 3994 986 4093 Episcopi
1014 3992 1170 4068 nominc
1196 3993 1399 4068 ecclesiam

162 4135 272 4184 suam
299 4111 361 4185 vel
391 4111 519 4186 locum
550 4138 638 4186 aere
665 4112 791 4186 alieno
821 4136 985 4209 gravare
1011 4134 1253 4209 quocumque
1282 4109 1399 4185 titulo

161 4226 363 4302 velociore
380 4230 533 4321 audeat,
548 4229 632 4303 sine
645 4254 826 4326 expressa
843 4236 882 4303 et
898 4228 1053 4325 scriptis
1066 4234 1224 4300 exarata
1240 4226 1400 4301 licentia

162 4343 372 4420 Ordinarii.
425 4345 574 4419 Iterum
599 4345 818 4444 iterumque
841 4371 918 4419 non
943 4342 1204 4418 saecularibus
1230 4350 1397 4433 tantum,

161 4460 370 4535 sedetiam
394 4462 639 4558 regularibus
663 4461 909 4537 ecclesiarum
937 4467 1159 4534 nostrarum
1181 4458 1398 4533 rectoribus

160 4601 323 4675 sequens
352 4579 549 4652 decretum
575 4586 706 4653 sancte
731 4578 1016 4652 observandum
1045 4574 1302 4673 injungimus,
1326 4572 1396 4647 sci·
