3142 5242
550 455 604 501 nn
633 454 792 502 nusrca
821 455 974 502 sncnn.
1336 443 1374 539 ⁶0¹

140 607 308 701 mutilet,
325 615 395 685 aut
420 608 543 685 nimia
567 609 766 709 repetione
783 609 907 704 iteret,
926 618 996 686 aut
1012 609 1070 685 ita
1085 617 1317 710 transponat
1333 621 1378 689 ut

52 760 58 771 ·
140 722 370 822 significatio
396 751 532 802 eorum
556 727 732 802 totaliter
750 726 814 802 vel
839 730 1109 826 quadantenus
1133 726 1374 805 immutetur.

190 840 274 916 118.
318 840 526 918 Praeterea
554 844 732 919 volumus
757 850 798 918 et
821 845 1054 918 mandamus
1087 850 1132 920 ut
1161 852 1297 920 cantus
1329 870 1376 921 ea

138 955 291 1032 ratione
322 960 557 1053 moderetur,
590 985 669 1059 qua
706 957 862 1035 nonnisi
905 958 972 1035 ubi
1014 958 1191 1035 rubricae
1229 960 1374 1055 sinunt,

139 1070 281 1149 missae
296 1098 432 1151 cursus
448 1074 767 1174 interrumpatur.
820 1076 933 1170 Item,
953 1083 996 1151 ut
1013 1075 1170 1169 musica,
1184 1084 1374 1175 quantum

138 1188 221 1263 fieri
251 1198 390 1290 potest,
416 1183 506 1268 cum
534 1194 756 1292 temporum
782 1192 971 1268 varietate
999 1198 1040 1267 et
1068 1217 1157 1267 cum
1187 1193 1376 1292 qualitate

139 1305 328 1382 festorum
352 1308 470 1407 plane
495 1312 709 1385 concordet.
762 1308 942 1402 Demum,
960 1315 1006 1384 ut
1031 1307 1098 1383 ubi
1120 1334 1374 1408 vesperarum

139 1421 307 1499 officium
326 1425 539 1524 peragitur,
556 1450 742 1524 vesperae
764 1423 939 1523 integrae
961 1422 1004 1500 id
1027 1431 1086 1498 est
1109 1424 1272 1523 psalmis
1295 1450 1373 1500 non

139 1538 360 1634 decurtatis,
379 1542 642 1620 decantentur.

189 1657 274 1733 119.
316 1657 502 1754 Tandem,
529 1666 574 1734 ut
597 1658 727 1735 verbis
757 1657 922 1734 Patrum
956 1656 1176 1757 Superioris
1211 1656 1374 1733 Concilii

138 1770 436 1850 Baltimorensis
466 1783 624 1852 utamur
657 1776 747 1875 (Na.
773 1776 864 1873 380)
891 1775 1103 1874 eademque
1128 1776 1256 1849 denuo
1284 1799 1372 1884 con·

137 1889 347 1985 firmemus,
374 1893 523 1967 “valde
551 1894 817 1991 exoptandum
846 1916 931 1967 esse
958 1916 1169 1984 censemus,
1196 1898 1242 1966 ut
1267 1889 1372 1966 rudi·

77 2045 81 2051 ·
138 2013 270 2080 menta
293 2016 432 2084 cantus
457 2006 689 2107 Gregoriani
711 2006 754 2083 in
777 2006 920 2083 scholis
944 2006 1233 2106 parochialibus
1257 2032 1371 2106 expo·

138 2131 282 2198 nantur
297 2131 339 2199 et
354 2132 615 2215 exerceantur,
628 2125 759 2224 sicque
775 2148 938 2200 numero
954 2147 1101 2217 eorum,
1115 2122 1182 2222 qui
1200 2124 1373 2221 psalmos

137 2238 236 2314 bene
246 2247 403 2316 cantare
415 2243 560 2336 valent,
571 2241 697 2341 magis
709 2239 912 2341 magisque
923 2238 1170 2332 increscente,
1181 2239 1372 2337 paulatim

137 2356 263 2454 major
279 2357 418 2433 saltem
435 2384 528 2458 pars
544 2357 693 2458 populi,
706 2359 919 2432 secundum
936 2354 1160 2454 primitivae
1178 2353 1373 2431 Ecclesiae

142 2472 280 2570 (Bona,
299 2472 448 2550 Rerum
474 2475 625 2576 Liturg.
643 2474 670 2551 l.
692 2497 733 2569 1.,
750 2499 782 2549 c.
803 2473 864 2564 25,
883 2473 902 2569 ᾗ
927 2473 1003 2570 19.)
1032 2472 1159 2546 adhuc
1183 2470 1226 2546 in
1252 2470 1372 2547 variis

136 2588 231 2663 locis
247 2589 445 2690 vigentem
462 2617 589 2686 usum,
606 2616 790 2690 vesperas
811 2596 852 2666 et
874 2588 953 2664 alia
969 2587 1115 2663 similia
1130 2612 1220 2662 cum
1238 2586 1371 2662 minis-

136 2704 208 2780 tris
230 2712 271 2782 et
292 2708 410 2782 choro
434 2710 638 2784 decantare
661 2707 873 2783 addiscant.
926 2705 1014 2795 Qua
1027 2703 1179 2778 ratione
1196 2702 1372 2779 omnium

136 2820 350 2898 aedificatio
364 2826 667 2922 promovebitur,
679 2824 793 2922 juxta
805 2821 906 2896 illud
919 2822 957 2894 S.
970 2819 1100 2894 Pauli:
1120 2819 1372 2918 “Loquentes

137 2937 425 3037 vobismetipsis
447 2939 489 3015 in
507 2940 669 3039 psalmis
692 2946 732 3014 et
753 2936 911 3038 hymnis
928 2941 969 3012 et
983 2933 1142 3010 canticis
1159 2933 1370 3033 spirituali·

135 3052 245 3128 bus.”
300 3055 472 3154 (Ephes,
489 3056 539 3131 V.
558 3058 632 3154 19.)
