3142 5242
189 453 254 519 200
682 473 928 521 arenanrx.
996 520 1002 531 ,

187 634 332 695 tencatur
360 630 428 716 ipse
455 630 673 696 visitationem
702 628 881 717 perlicere.''
940 629 976 695 Si
1005 629 1141 718 proinde
1177 630 1329 718 incoepto
1363 632 1420 697 iam

187 732 326 798 triennio
353 744 412 799 ete.
444 733 623 821 Episcopus
650 757 691 801 ss.
722 734 855 800 Limina
889 732 1037 815 adiverit,
1065 733 1322 823 relationemque
1354 758 1423 799 snae

187 834 362 902 dioeceseos
382 836 572 920 exhibuerit,
587 860 625 903 ac
646 847 754 924 postea
767 860 786 902 e
800 837 887 903 vivis
901 836 1099 923 migraverit,
1114 846 1268 903 neutrum
1290 850 1424 925 repetere

186 962 344 1007 successor
367 950 512 1021 tenetur3
541 941 716 1028 persolutio
740 942 827 1008 enim
852 940 1097 1027 praedecessoris
1116 942 1292 1009 successori
1313 942 1423 1008 suffra·

187 1042 304 1132 gatur.¹

233 1152 284 1216 10.
315 1149 347 1215 E
372 1160 483 1216 contra
507 1152 536 1216 si
561 1152 634 1238 quis
659 1151 833 1217 dioeceseos
858 1173 966 1216 euram
992 1151 1200 1237 assumpserit
1227 1151 1332 1238 paulo
1354 1162 1423 1217 ante

187 1276 285 1342 quam
299 1255 474 1319 triennium
488 1266 546 1321 ete.
558 1255 620 1319 sub
633 1265 827 1321 anteoessore
842 1256 1024 1341 incoeptum
1037 1254 1080 1321 ad
1093 1255 1219 1320 exitum
1233 1255 1422 1341 perveniret,

186 1380 260 1423 cum
285 1359 437 1445 temporis
461 1358 589 1425 defectu
614 1358 758 1423 nondum
781 1359 990 1445 inpromptu
1014 1357 1255 1445 possithabere
1278 1357 1421 1445 quaebd

186 1470 307 1526 statum
329 1463 476 1548 propriae
498 1461 658 1527 Ecclesiae
679 1461 882 1527 referendum
903 1461 1122 1548 requiruntur,
1143 1462 1307 1527 succurrit
1326 1484 1422 1527 reme-

186 1566 278 1631 dium
301 1565 520 1652 implorandae
541 1565 784 1653 prorogationis,
799 1550 893 1652 quae,
906 1564 991 1631 hisce
1004 1564 1190 1652 praesertim
1204 1565 1240 1631 in
1254 1566 1422 1649 adiunctis,

186 1694 207 1736 a
220 1670 253 1735 S.
269 1670 350 1735 Sede
365 1670 459 1736 facile
473 1671 666 1757 impertitur.

232 1777 283 1840 11.
313 1774 440 1840 Notum
461 1782 508 1839 est
529 1775 632 1861 ipsam
654 1774 815 1840 Sixtinam
837 1774 940 1861 legem
963 1774 1131 1862 Episcopis
1159 1774 1338 1860 consulere,
1357 1774 1421 1865 qui,

186 1876 331 1965 legitimo
342 1877 573 1965 impedimento
586 1878 716 1962 detenti,
731 1878 772 1944 ad
787 1878 1018 1965 Apostolorum
1032 1878 1202 1965 sepulchra
1216 1880 1422 1966 personaliter

186 2004 219 2048 se
240 1981 383 2047 conferre
403 2005 469 2049 non
491 1994 644 2069 possunt3
667 1982 702 2047 id
716 1983 803 2048 enim
824 2006 882 2069 per
903 1992 1139 2069 procumtorem
1161 1983 1243 2069 ipsis
1263 1996 1420 2070 praestare

186 2086 392 2173 permittitur.
448 2086 556 2153 Immo
584 2086 692 2174 quoad
720 2086 934 2174 procuratoris
962 2086 1201 2174 deputationem
1230 2087 1362 2154 facilius
1387 2110 1422 2153 ac

185 2191 346 2255 remissius
360 2190 413 2277 agi
428 2192 540 2277 coepit,
555 2201 593 2255 ut
607 2190 682 2256 inde
695 2213 715 2256 a
729 2212 788 2255 sua
800 2199 901 2255 aetate
913 2189 1188 2256 animadvertebat
1200 2214 1227 2257 s.
1244 2214 1288 2258 m.
1304 2190 1419 2258 Bened.

185 2292 306 2377 XIV?
326 2303 358 2359 et
380 2295 535 2381 pristinus
557 2296 645 2382 rigor
667 2317 834 2382 progressu
857 2295 1010 2380 temporis
1032 2292 1128 2360 valde
1148 2304 1347 2382 temperatus
1366 2306 1419 2363 est.

185 2398 314 2464 “Unde
334 2397 362 2463 si
386 2398 565 2485 Episcopus
588 2399 672 2465 iusto
692 2398 838 2485 quolibet
867 2398 1095 2485 impedimento
1123 2397 1273 2465 detentus
1292 2424 1315 2466 a
1335 2399 1369 2468 S.
1384 2400 1419 2467 G.

185 2501 345 2566 licentiam
367 2511 453 2589 petat
477 2502 631 2568 visitandi
653 2502 785 2567 Limina
806 2524 864 2588 per
884 2511 1131 2587 procuratorem,
1150 2511 1249 2589 atque
1269 2505 1369 2571 etiam
1388 2504 1420 2569 in

184 2628 257 2671 eum
280 2607 377 2670 finem
397 2605 573 2692 deputandi
595 2607 783 2672 canonicum
803 2606 956 2693 aliquem,
976 2615 1035 2671 aut
1055 2606 1250 2673 sacerdotem
1271 2608 1420 2675 dioecesis

184 2732 259 2774 suae
282 2710 345 2774 iam
368 2710 402 2774 in
427 2710 519 2777 Urbe
540 2711 740 2793 existentem,
763 2720 795 2776 et
815 2710 951 2796 privatis
972 2710 1040 2774 suis
1060 2710 1155 2775 rebus
1176 2722 1356 2793 tacentem,
1370 2711 1420 2777 rel

184 2815 280 2878 etiam
304 2813 502 2878 (salinarium
525 2837 619 2878 suum
642 2814 841 2901 negotiorum
856 2823 1017 2901 gestorum
1031 2824 1089 2879 aut
1102 2826 1260 2901 agentem,
1274 2816 1315 2881 de
1329 2816 1421 2881 rebus

186 2917 346 2982 Ecclesiae
360 2929 392 2982 et
406 2918 555 2983 dioecesis
570 2918 668 3004 probe
684 2918 886 3000 instructum,
900 2916 1075 2983 durnmodo
1097 2919 1305 2985 eeclesiastico
1319 2944 1420 2986 carac-

184 3032 249 3086 tere
276 3022 448 3108 insignitus
473 3023 526 3103 sit,
551 3021 633 3087 sacta
657 3022 804 3087 Rommm
827 3022 978 3086 Pontifici
1003 3045 1059 3107 per
1084 3022 1296 3089 Secretarium
1322 3025 1421 3111 ipsius

185 3125 449 3211 Congregaticnis
474 3127 644 3190 instantiae
669 3126 758 3190 illius
784 3126 945 3208 relatione,
970 3148 1035 3190 non
1060 3125 1106 3191 ita
1131 3125 1314 3213 frequenter
1335 3128 1419 3193 reiici

184 3229 274 3311 solet,
289 3239 327 3293 ut
348 3229 427 3293 olim
449 3230 590 3295 evenisse
608 3241 741 3312 tuirstat,
754 3229 810 3294 sal
832 3230 932 3315 petita
953 3228 1079 3295 licentia
1099 3238 1132 3296 et
1153 3231 1290 3296 facultas
1304 3233 1420 3319 passim

160 3320 321 3418 'benigne
350 3332 564 3399 conceditur.''
610 3334 736 3398 Pariter
763 3333 806 3397 ad
835 3335 1049 3419 procuratoris
1077 3357 1196 3399 munus
1223 3336 1305 3401 olim
1334 3335 1420 3401 haud

183 3436 412 3501 admittebatur
433 3437 575 3503 saeenlos
597 3437 763 3524 regularis,
785 3438 847 3501 nisi
871 3438 1004 3523 probata
1024 3437 1202 3503 deficientia
1224 3440 1369 3526 Capituli
1390 3450 1420 3505 et

183 3541 259 3605 cleri
273 3541 450 3623 saecularis,
462 3542 600 3627 exeeptis
615 3542 748 3607 fortasse
760 3541 911 3606 Ecclesiis
921 3543 1205 3608 remotissimarum
1220 3542 1420 3630 regionum?

183 3644 238 3709 sed
264 3645 298 3709 in
324 3645 503 3710 boeotiam
528 3646 728 3732 sequioribus
754 3646 951 3731 temporibus
976 3645 1009 3711 S.
1034 3645 1130 3711 Sedes
1152 3668 1220 3712 sese
1245 3646 1420 3713 faciliorem

182 3749 331 3837 praebere
345 3749 519 3815 consuevit.

229 3855 280 3917 12.
315 3854 408 3932 Quae
437 3853 656 3918 communiora
683 3878 720 3919 ae
749 3855 915 3939 potissima
942 3854 1009 3920 sint
1037 3854 1275 3942 impedimenta,
1302 3856 1419 3944 quibus

184 3954 338 4042 Episcopi
352 3980 371 4021 a
386 3957 534 4021 Romano
556 3958 669 4021 itinere
690 3958 891 4043 suscipiendo
908 3970 1108 4039 excusantur,
1124 3960 1235 4024 videre
1255 3969 1304 4025 est
1326 3964 1419 4048 penes

183 4080 290 4123 rerum
311 4062 533 4124 (arroniearum
551 4071 733 4126 tractatores
751 4062 796 4125 ud
815 4062 891 4146 Cap.
908 4062 933 4125 I
940 4062 971 4127 V.
989 4062 1061 4148 Ego
1076 4063 1119 4128 N.
1136 4063 1174 4126 de
1193 4063 1325 4130 lurein-r.
1371 4065 1420 4129 Ea

182 4184 259 4228 vero
284 4165 330 4227 sie
355 4166 541 4250 perstringit
567 4164 784 4230 Catalanus:⁴
813 4165 908 4229 “Est
932 4165 1063 4251 quidem
1090 4188 1208 4231 munus
1232 4178 1266 4232 et
1291 4169 1419 4255 reipub·

183 4263 261 4330 lieae
275 4267 415 4331 officium
430 4269 663 4353 episcopatibus
679 4268 866 4333 adiunctum
890 4318 898 4334 .
923 4318 931 4334 .
956 4319 964 4335 .
988 4319 997 4351 ,
1022 4270 1097 4334 item
1111 4280 1197 4334 aetas
1211 4272 1332 4355 gravia,
1348 4272 1419 4338 hos·

181 4369 282 4434 tilitas
301 4394 428 4457 quoque
449 4395 485 4436 ac
506 4374 603 4437 timor
623 4372 775 4454 hostium,
791 4373 936 4437 incursus
957 4373 1127 4455 latronum,
1143 4374 1240 4459 pestis
1255 4385 1287 4439 et
1306 4375 1373 4440 alia
1385 4373 1418 4439 id

217 4521 225 4552 ¹
235 4522 256 4572 1³
257 4540 316 4587 agn.
329 4524 378 4576 loe.
389 4524 433 4576 eit.
445 4541 472 4577 n.
483 4525 525 4577 47.
852 4525 939 4578 'Ibat

216 4603 276 4656 'De
286 4607 345 4673 Syn.
358 4608 442 4659 Dicae.
455 4608 486 4660 L.
496 4608 578 4659 XIII.
592 4609 651 4676 Cap.
665 4608 709 4662 VI.
720 4627 745 4661 a.
755 4611 779 4661 3.
848 4609 995 4662 ‘Oomrnmt
1007 4610 1080 4661 Post.
1092 4609 1165 4663 Rom.
1179 4610 1246 4663 Tora.
1258 4611 1282 4663 I.
1293 4613 1329 4662 cd
1341 4612 1354 4676 l
1367 4610 1417 4663 IX.
