<?xml version="1.0" encoding="UTF-8"?>
<!DOCTYPE html PUBLIC "-//W3C//DTD XHTML 1.0 Transitional//EN"
    "http://www.w3.org/TR/xhtml1/DTD/xhtml1-transitional.dtd">
<html xmlns="http://www.w3.org/1999/xhtml" xml:lang="en" lang="en">
 <head>
  <title>
</title>
<meta http-equiv="Content-Type" content="text/html;charset=utf-8" />
  <meta name='ocr-system' content='tesseract 3.04.00' />
  <meta name='ocr-capabilities' content='ocr_page ocr_carea ocr_par ocr_line ocrx_word'/>
</head>
<body>
  <div class='ocr_page' id='page_1' title='image "./actaetdecretaco00gibbgoog_0296.png"; bbox 0 0 3142 5242; ppageno 0'>
   <div class='ocr_carea' id='block_1_1' title="bbox 468 450 1340 512">
    <p class='ocr_par' dir='ltr' id='par_1_1' title="bbox 468 450 1340 512">
     <span class='ocr_line' id='line_1_1' title="bbox 468 450 1340 512; baseline 0.001 -1"><span class='ocrx_word' id='word_1_1' title='bbox 468 466 522 511; x_wconf 83' lang='lat' dir='ltr'><strong>nn</strong></span> <span class='ocrx_word' id='word_1_2' title='bbox 552 465 667 512; x_wconf 81' lang='lat' dir='ltr'><strong>nono</strong></span> <span class='ocrx_word' id='word_1_3' title='bbox 696 464 989 511; x_wconf 77' lang='lat' dir='ltr'><strong>rnocnnnunr.</strong></span> <span class='ocrx_word' id='word_1_4' title='bbox 1278 450 1340 512; x_wconf 88' lang='grc'><strong>179</strong></span> 
     </span>
    </p>
   </div>
   <div class='ocr_carea' id='block_1_2' title="bbox 106 619 1340 955">
    <p class='ocr_par' dir='ltr' id='par_1_2' title="bbox 106 619 1340 955">
     <span class='ocr_line' id='line_1_2' title="bbox 108 619 1340 720; baseline -0.001 -23"><span class='ocrx_word' id='word_1_5' title='bbox 108 620 133 697; x_wconf 92' lang='lat' dir='ltr'><strong>i.</strong></span> <span class='ocrx_word' id='word_1_6' title='bbox 160 648 192 698; x_wconf 87' lang='lat' dir='ltr'><strong>e.</strong></span> <span class='ocrx_word' id='word_1_7' title='bbox 218 622 319 698; x_wconf 90' lang='lat' dir='ltr'><strong>ratio</strong></span> <span class='ocrx_word' id='word_1_8' title='bbox 349 623 446 698; x_wconf 87' lang='lat' dir='ltr'><strong>bene</strong></span> <span class='ocrx_word' id='word_1_9' title='bbox 475 623 639 696; x_wconf 88' lang='lat' dir='ltr'><strong>fundata</strong></span> <span class='ocrx_word' id='word_1_10' title='bbox 663 646 732 696; x_wconf 91' lang='lat' dir='ltr'><strong>cur</strong></span> <span class='ocrx_word' id='word_1_11' title='bbox 761 646 961 720; x_wconf 83' lang='lat' dir='ltr'><strong>processus</strong></span> <span class='ocrx_word' id='word_1_12' title='bbox 990 619 1229 714; x_wconf 83' lang='lat' dir='ltr'><strong>instituatur,</strong></span> <span class='ocrx_word' id='word_1_13' title='bbox 1256 620 1340 697; x_wconf 90' lang='lat' dir='ltr'><strong>erui</strong></span> 
     </span>
     <span class='ocr_line' id='line_1_3' title="bbox 107 735 1340 837; baseline 0 -25"><span class='ocrx_word' id='word_1_14' title='bbox 107 744 237 836; x_wconf 85' lang='lat' dir='ltr'><strong>potest</strong></span> <span class='ocrx_word' id='word_1_15' title='bbox 252 738 339 837; x_wconf 90' lang='lat' dir='ltr'><strong>jam</strong></span> <span class='ocrx_word' id='word_1_16' title='bbox 354 763 409 814; x_wconf 87' lang='lat' dir='ltr'><strong>ex</strong></span> <span class='ocrx_word' id='word_1_17' title='bbox 432 737 523 814; x_wconf 90' lang='lat' dir='ltr'><strong>facti</strong></span> <span class='ocrx_word' id='word_1_18' title='bbox 545 737 786 836; x_wconf 81' lang='lat' dir='ltr'><strong>expositione</strong></span> <span class='ocrx_word' id='word_1_19' title='bbox 802 736 995 836; x_wconf 84' lang='lat' dir='ltr'><strong>Episcopo</strong></span> <span class='ocrx_word' id='word_1_20' title='bbox 1012 735 1077 812; x_wconf 84' lang='lat' dir='ltr'><strong>vel</strong></span> <span class='ocrx_word' id='word_1_21' title='bbox 1099 735 1340 836; x_wconf 85' lang='lat' dir='ltr'><strong>procuratori</strong></span> 
     </span>
     <span class='ocr_line' id='line_1_4' title="bbox 106 852 1338 955; baseline -0.002 -25"><span class='ocrx_word' id='word_1_22' title='bbox 106 853 227 930; x_wconf 88' lang='lat' dir='ltr'><strong>fiscali</strong></span> <span class='ocrx_word' id='word_1_23' title='bbox 253 857 347 931; x_wconf 86' lang='lat' dir='ltr'><strong>data</strong></span> <span class='ocrx_word' id='word_1_24' title='bbox 362 857 518 955; x_wconf 91' lang='lat' dir='ltr'><strong>quando</strong></span> <span class='ocrx_word' id='word_1_25' title='bbox 543 855 688 930; x_wconf 91' lang='lat' dir='ltr'><strong>factum</strong></span> <span class='ocrx_word' id='word_1_26' title='bbox 714 856 765 930; x_wconf 90' lang='lat' dir='ltr'><strong>ad</strong></span> <span class='ocrx_word' id='word_1_27' title='bbox 789 852 896 955; x_wconf 89' lang='lat' dir='ltr'><strong>ipsos</strong></span> <span class='ocrx_word' id='word_1_28' title='bbox 919 853 1048 954; x_wconf 89' lang='lat' dir='ltr'><strong>primo</strong></span> <span class='ocrx_word' id='word_1_29' title='bbox 1072 854 1246 929; x_wconf 91' lang='lat' dir='ltr'><strong>delatum</strong></span> <span class='ocrx_word' id='word_1_30' title='bbox 1268 859 1338 928; x_wconf 86' lang='lat' dir='ltr'><strong>est.</strong></span> 
     </span>
    </p>
   </div>
   <div class='ocr_carea' id='block_1_3' title="bbox 98 968 1439 4558">
    <p class='ocr_par' dir='ltr' id='par_1_3' title="bbox 104 968 1340 1628">
     <span class='ocr_line' id='line_1_5' title="bbox 107 968 1339 1070; baseline -0.001 -25"><span class='ocrx_word' id='word_1_31' title='bbox 107 969 216 1061; x_wconf 79' lang='lat' dir='ltr'><strong>Quae</strong></span> <span class='ocrx_word' id='word_1_32' title='bbox 244 972 434 1070; x_wconf 85' lang='lat' dir='ltr'><strong>expositio</strong></span> <span class='ocrx_word' id='word_1_33' title='bbox 468 971 701 1047; x_wconf 85' lang='lat' dir='ltr'><strong>authenticis</strong></span> <span class='ocrx_word' id='word_1_34' title='bbox 729 970 1070 1047; x_wconf 87' lang='lat' dir='ltr'><strong>informationibus</strong></span> <span class='ocrx_word' id='word_1_35' title='bbox 1099 968 1165 1046; x_wconf 85' lang='lat' dir='ltr'><strong>vel</strong></span> <span class='ocrx_word' id='word_1_36' title='bbox 1194 971 1339 1045; x_wconf 88' lang='lat' dir='ltr'><strong>confes·</strong></span> 
     </span>
     <span class='ocr_line' id='line_1_6' title="bbox 106 1085 1339 1187; baseline 0 -26"><span class='ocrx_word' id='word_1_37' title='bbox 106 1086 215 1163; x_wconf 90' lang='lat' dir='ltr'><strong>sione</strong></span> <span class='ocrx_word' id='word_1_38' title='bbox 247 1087 542 1187; x_wconf 89' lang='lat' dir='ltr'><strong>extrajudiciali,</strong></span> <span class='ocrx_word' id='word_1_39' title='bbox 576 1087 639 1164; x_wconf 88' lang='lat' dir='ltr'><strong>vel</strong></span> <span class='ocrx_word' id='word_1_40' title='bbox 673 1087 832 1163; x_wconf 91' lang='lat' dir='ltr'><strong>testium</strong></span> <span class='ocrx_word' id='word_1_41' title='bbox 866 1085 1186 1186; x_wconf 90' lang='lat' dir='ltr'><strong>depositionibus,</strong></span> <span class='ocrx_word' id='word_1_42' title='bbox 1221 1086 1339 1161; x_wconf 91' lang='lat' dir='ltr'><strong>etiam</strong></span> 
     </span>
     <span class='ocr_line' id='line_1_7' title="bbox 105 1195 1338 1302; baseline -0.002 -23"><span class='ocrx_word' id='word_1_43' title='bbox 105 1203 450 1302; x_wconf 86' lang='lat' dir='ltr'><strong>extrajudicialiter</strong></span> <span class='ocrx_word' id='word_1_44' title='bbox 473 1195 671 1299; x_wconf 73' lang='lat' dir='ltr'><strong>factis,&#39;ita</strong></span> <span class='ocrx_word' id='word_1_45' title='bbox 695 1205 945 1279; x_wconf 87' lang='lat' dir='ltr'><strong>confirmetur</strong></span> <span class='ocrx_word' id='word_1_46' title='bbox 969 1210 1014 1279; x_wconf 91' lang='lat' dir='ltr'><strong>ut</strong></span> <span class='ocrx_word' id='word_1_47' title='bbox 1038 1208 1229 1301; x_wconf 87' lang='lat' dir='ltr'><strong>appareat</strong></span> <span class='ocrx_word' id='word_1_48' title='bbox 1251 1227 1338 1301; x_wconf 92' lang='lat' dir='ltr'><strong>pro-</strong></span> 
     </span>
     <span class='ocr_line' id='line_1_8' title="bbox 105 1317 1338 1397; baseline -0.003 -1"><span class='ocrx_word' id='word_1_49' title='bbox 105 1343 257 1396; x_wconf 79' lang='lat' dir='ltr'><strong>cessum</strong></span> <span class='ocrx_word' id='word_1_50' title='bbox 279 1318 405 1395; x_wconf 91' lang='lat' dir='ltr'><strong>solido</strong></span> <span class='ocrx_word' id='word_1_51' title='bbox 430 1319 684 1397; x_wconf 88' lang='lat' dir='ltr'><strong>fundamento</strong></span> <span class='ocrx_word' id='word_1_52' title='bbox 709 1318 827 1394; x_wconf 92' lang='lat' dir='ltr'><strong>inniti</strong></span> <span class='ocrx_word' id='word_1_53' title='bbox 853 1325 891 1394; x_wconf 88' lang='lat' dir='ltr'><strong>et</strong></span> <span class='ocrx_word' id='word_1_54' title='bbox 913 1318 1151 1394; x_wconf 89' lang='lat' dir='ltr'><strong>calumniam</strong></span> <span class='ocrx_word' id='word_1_55' title='bbox 1175 1317 1338 1393; x_wconf 89' lang='lat' dir='ltr'><strong>excludi.</strong></span> 
     </span>
     <span class='ocr_line' id='line_1_9' title="bbox 105 1434 1340 1535; baseline -0.001 -25"><span class='ocrx_word' id='word_1_56' title='bbox 105 1434 378 1535; x_wconf 83' lang='lat' dir='ltr'><strong>Transgressio</strong></span> <span class='ocrx_word' id='word_1_57' title='bbox 411 1461 504 1511; x_wconf 86' lang='lat' dir='ltr'><strong>vero</strong></span> <span class='ocrx_word' id='word_1_58' title='bbox 546 1434 743 1535; x_wconf 88' lang='lat' dir='ltr'><strong>praecepti</strong></span> <span class='ocrx_word' id='word_1_59' title='bbox 785 1461 833 1511; x_wconf 92' lang='lat' dir='ltr'><strong>ex</strong></span> <span class='ocrx_word' id='word_1_60' title='bbox 871 1434 957 1534; x_wconf 93' lang='lat' dir='ltr'><strong>ipso</strong></span> <span class='ocrx_word' id='word_1_61' title='bbox 991 1436 1144 1511; x_wconf 89' lang='lat' dir='ltr'><strong>decreto</strong></span> <span class='ocrx_word' id='word_1_62' title='bbox 1179 1442 1219 1510; x_wconf 89' lang='lat' dir='ltr'><strong>et</strong></span> <span class='ocrx_word' id='word_1_63' title='bbox 1251 1441 1340 1510; x_wconf 90' lang='lat' dir='ltr'><strong>actu</strong></span> 
     </span>
     <span class='ocr_line' id='line_1_10' title="bbox 104 1549 1338 1628; baseline -0.001 -2"><span class='ocrx_word' id='word_1_64' title='bbox 104 1549 363 1628; x_wconf 88' lang='lat' dir='ltr'><strong>intimationis</strong></span> <span class='ocrx_word' id='word_1_65' title='bbox 381 1553 432 1628; x_wconf 88' lang='lat' dir='ltr'><strong>ad</strong></span> <span class='ocrx_word' id='word_1_66' title='bbox 452 1577 629 1628; x_wconf 91' lang='lat' dir='ltr'><strong>normam</strong></span> <span class='ocrx_word' id='word_1_67' title='bbox 647 1578 706 1627; x_wconf 89' lang='lat' dir='ltr'><strong>aa.</strong></span> <span class='ocrx_word' id='word_1_68' title='bbox 720 1573 796 1627; x_wconf 80' lang='lat' dir='ltr'>v11.</span> <span class='ocrx_word' id='word_1_69' title='bbox 815 1561 855 1628; x_wconf 91' lang='lat' dir='ltr'><strong>et</strong></span> <span class='ocrx_word' id='word_1_70' title='bbox 872 1574 965 1628; x_wconf 85' lang='lat' dir='ltr'><strong>vm.</strong></span> <span class='ocrx_word' id='word_1_71' title='bbox 983 1552 1106 1627; x_wconf 88' lang='lat' dir='ltr'><strong>factae</strong></span> <span class='ocrx_word' id='word_1_72' title='bbox 1123 1550 1338 1626; x_wconf 91' lang='lat' dir='ltr'><strong>deducitur.</strong></span> 
     </span>
    </p>

    <p class='ocr_par' dir='ltr' id='par_1_4' title="bbox 103 1666 1340 2234">
     <span class='ocr_line' id='line_1_11' title="bbox 156 1666 1340 1767; baseline 0 -25"><span class='ocrx_word' id='word_1_73' title='bbox 156 1669 256 1744; x_wconf 89' lang='lat' dir='ltr'><strong>“Ad</strong></span> <span class='ocrx_word' id='word_1_74' title='bbox 280 1669 564 1744; x_wconf 86' lang='lat' dir='ltr'><strong>admittendam</strong></span> <span class='ocrx_word' id='word_1_75' title='bbox 590 1693 682 1743; x_wconf 87' lang='lat' dir='ltr'><strong>vero</strong></span> <span class='ocrx_word' id='word_1_76' title='bbox 708 1667 765 1743; x_wconf 87' lang='lat' dir='ltr'><strong>rei</strong></span> <span class='ocrx_word' id='word_1_77' title='bbox 789 1667 1098 1767; x_wconf 86' lang='lat' dir='ltr'><strong>culpabilitatem</strong></span> <span class='ocrx_word' id='word_1_78' title='bbox 1125 1666 1340 1743; x_wconf 88' lang='lat' dir='ltr'><strong>necessaria</strong></span> 
     </span>
     <span class='ocr_line' id='line_1_12' title="bbox 103 1784 1339 1886; baseline -0.002 -26"><span class='ocrx_word' id='word_1_79' title='bbox 103 1791 165 1862; x_wconf 87' lang='lat' dir='ltr'><strong>est</strong></span> <span class='ocrx_word' id='word_1_80' title='bbox 188 1784 368 1886; x_wconf 89' lang='lat' dir='ltr'><strong>probatio</strong></span> <span class='ocrx_word' id='word_1_81' title='bbox 392 1784 542 1884; x_wconf 85' lang='lat' dir='ltr'><strong>legalis,</strong></span> <span class='ocrx_word' id='word_1_82' title='bbox 569 1810 668 1884; x_wconf 87' lang='lat' dir='ltr'><strong>quae</strong></span> <span class='ocrx_word' id='word_1_83' title='bbox 696 1784 745 1860; x_wconf 92' lang='lat' dir='ltr'><strong>iis</strong></span> <span class='ocrx_word' id='word_1_84' title='bbox 775 1785 986 1860; x_wconf 88' lang='lat' dir='ltr'><strong>momentis</strong></span> <span class='ocrx_word' id='word_1_85' title='bbox 1010 1791 1187 1860; x_wconf 89' lang='lat' dir='ltr'><strong>constare</strong></span> <span class='ocrx_word' id='word_1_86' title='bbox 1213 1785 1339 1877; x_wconf 88' lang='lat' dir='ltr'><strong>debet,</strong></span> 
     </span>
     <span class='ocr_line' id='line_1_13' title="bbox 103 1900 1338 2001; baseline -0.001 -25"><span class='ocrx_word' id='word_1_87' title='bbox 103 1901 244 2001; x_wconf 88' lang='lat' dir='ltr'><strong>quibus</strong></span> <span class='ocrx_word' id='word_1_88' title='bbox 273 1901 419 1977; x_wconf 86' lang='lat' dir='ltr'><strong>veritas</strong></span> <span class='ocrx_word' id='word_1_89' title='bbox 448 1926 539 1977; x_wconf 87' lang='lat' dir='ltr'><strong>vere</strong></span> <span class='ocrx_word' id='word_1_90' title='bbox 572 1903 838 1977; x_wconf 90' lang='lat' dir='ltr'><strong>demonstrata</strong></span> <span class='ocrx_word' id='word_1_91' title='bbox 871 1901 1070 1993; x_wconf 88' lang='lat' dir='ltr'><strong>elucescat,</strong></span> <span class='ocrx_word' id='word_1_92' title='bbox 1101 1900 1165 1975; x_wconf 85' lang='lat' dir='ltr'><strong>vel</strong></span> <span class='ocrx_word' id='word_1_93' title='bbox 1200 1900 1338 1975; x_wconf 87' lang='lat' dir='ltr'><strong>saltem</strong></span> 
     </span>
     <span class='ocr_line' id='line_1_14' title="bbox 103 2016 1340 2116; baseline -0.002 -23"><span class='ocrx_word' id='word_1_94' title='bbox 103 2019 265 2093; x_wconf 88' lang='lat' dir='ltr'><strong>moralis</strong></span> <span class='ocrx_word' id='word_1_95' title='bbox 281 2018 470 2094; x_wconf 87' lang='lat' dir='ltr'><strong>convictio</strong></span> <span class='ocrx_word' id='word_1_96' title='bbox 488 2017 705 2110; x_wconf 88' lang='lat' dir='ltr'><strong>inducatur,</strong></span> <span class='ocrx_word' id='word_1_97' title='bbox 720 2042 962 2116; x_wconf 92' lang='lat' dir='ltr'><strong>quocumque</strong></span> <span class='ocrx_word' id='word_1_98' title='bbox 978 2016 1204 2092; x_wconf 87' lang='lat' dir='ltr'><strong>rationabili</strong></span> <span class='ocrx_word' id='word_1_99' title='bbox 1221 2016 1340 2092; x_wconf 92' lang='lat' dir='ltr'><strong>dubio</strong></span> 
     </span>
     <span class='ocr_line' id='line_1_15' title="bbox 103 2134 703 2234; baseline -0.002 -25"><span class='ocrx_word' id='word_1_100' title='bbox 103 2134 273 2234; x_wconf 90' lang='lat' dir='ltr'><strong>oppositi</strong></span> <span class='ocrx_word' id='word_1_101' title='bbox 289 2134 474 2210; x_wconf 88' lang='lat' dir='ltr'><strong>remoto.’&#39;</strong></span> <span class='ocrx_word' id='word_1_102' title='bbox 532 2137 581 2234; x_wconf 89' lang='lat' dir='ltr'><strong>(a.</strong></span> <span class='ocrx_word' id='word_1_103' title='bbox 599 2136 703 2233; x_wconf 72' lang='lat' dir='ltr'><strong>xva)</strong></span> 
     </span>
    </p>

    <p class='ocr_par' dir='ltr' id='par_1_5' title="bbox 98 2237 1439 3163">
     <span class='ocr_line' id='line_1_16' title="bbox 154 2237 1439 2351; baseline -0.001 -25"><span class='ocrx_word' id='word_1_104' title='bbox 154 2249 311 2351; x_wconf 81' lang='lat' dir='ltr'><strong>Legalis</strong></span> <span class='ocrx_word' id='word_1_105' title='bbox 336 2251 515 2351; x_wconf 90' lang='lat' dir='ltr'><strong>probatio</strong></span> <span class='ocrx_word' id='word_1_106' title='bbox 540 2258 670 2326; x_wconf 89' lang='lat' dir='ltr'><strong>autem</strong></span> <span class='ocrx_word' id='word_1_107' title='bbox 697 2250 903 2350; x_wconf 87' lang='lat' dir='ltr'><strong>praecipue</strong></span> <span class='ocrx_word' id='word_1_108' title='bbox 929 2250 1092 2326; x_wconf 90' lang='lat' dir='ltr'><strong>efficitur</strong></span> <span class='ocrx_word' id='word_1_109' title='bbox 1117 2276 1165 2326; x_wconf 90' lang='lat' dir='ltr'><strong>ex</strong></span> <span class='ocrx_word' id='word_1_110' title='bbox 1190 2251 1339 2349; x_wconf 90' lang='lat' dir='ltr'><strong>deposi-</strong></span> <span class='ocrx_word' id='word_1_111' title='bbox 1436 2237 1439 2246; x_wconf 42' lang='lat'><strong>¹</strong></span> 
     </span>
     <span class='ocr_line' id='line_1_17' title="bbox 101 2366 1340 2466; baseline -0.002 -22"><span class='ocrx_word' id='word_1_112' title='bbox 101 2366 275 2444; x_wconf 85' lang='lat' dir='ltr'><strong>tionibus</strong></span> <span class='ocrx_word' id='word_1_113' title='bbox 300 2368 472 2444; x_wconf 88' lang='lat' dir='ltr'><strong>testium.</strong></span> <span class='ocrx_word' id='word_1_114' title='bbox 526 2368 631 2466; x_wconf 83' lang='lat' dir='ltr'><strong>Ergo</strong></span> <span class='ocrx_word' id='word_1_115' title='bbox 660 2367 783 2464; x_wconf 90' lang='lat' dir='ltr'><strong>judex</strong></span> <span class='ocrx_word' id='word_1_116' title='bbox 812 2366 875 2442; x_wconf 84' lang='lat' dir='ltr'><strong>vel</strong></span> <span class='ocrx_word' id='word_1_117' title='bbox 906 2367 1061 2442; x_wconf 90' lang='lat' dir='ltr'><strong>auditor</strong></span> <span class='ocrx_word' id='word_1_118' title='bbox 1091 2392 1194 2441; x_wconf 92' lang='lat' dir='ltr'><strong>nunc</strong></span> <span class='ocrx_word' id='word_1_119' title='bbox 1223 2374 1340 2442; x_wconf 89' lang='lat' dir='ltr'><strong>testes</strong></span> 
     </span>
     <span class='ocr_line' id='line_1_18' title="bbox 102 2482 1339 2582; baseline -0.001 -24"><span class='ocrx_word' id='word_1_120' title='bbox 102 2483 239 2559; x_wconf 89' lang='lat' dir='ltr'><strong>citabit</strong></span> <span class='ocrx_word' id='word_1_121' title='bbox 267 2491 308 2560; x_wconf 94' lang='lat' dir='ltr'><strong>et</strong></span> <span class='ocrx_word' id='word_1_122' title='bbox 336 2483 575 2559; x_wconf 86' lang='lat' dir='ltr'><strong>examinabit</strong></span> <span class='ocrx_word' id='word_1_123' title='bbox 603 2509 648 2559; x_wconf 89' lang='lat' dir='ltr'><strong>eo</strong></span> <span class='ocrx_word' id='word_1_124' title='bbox 679 2484 794 2558; x_wconf 92' lang='lat' dir='ltr'><strong>modo</strong></span> <span class='ocrx_word' id='word_1_125' title='bbox 826 2482 950 2581; x_wconf 89' lang='lat' dir='ltr'><strong>iisque</strong></span> <span class='ocrx_word' id='word_1_126' title='bbox 978 2483 1140 2558; x_wconf 89' lang='lat' dir='ltr'><strong>cautelis</strong></span> <span class='ocrx_word' id='word_1_127' title='bbox 1170 2508 1269 2582; x_wconf 91' lang='lat' dir='ltr'><strong>quae</strong></span> <span class='ocrx_word' id='word_1_128' title='bbox 1297 2482 1339 2558; x_wconf 91' lang='lat' dir='ltr'><strong>in</strong></span> 
     </span>
     <span class='ocr_line' id='line_1_19' title="bbox 102 2598 1340 2699; baseline -0.001 -24"><span class='ocrx_word' id='word_1_129' title='bbox 102 2624 161 2676; x_wconf 91' lang='lat' dir='ltr'><strong>aa.</strong></span> <span class='ocrx_word' id='word_1_130' title='bbox 195 2622 388 2675; x_wconf 86' lang='lat' dir='ltr'><strong>xvn-xx.</strong></span> <span class='ocrx_word' id='word_1_131' title='bbox 423 2599 752 2699; x_wconf 89' lang='lat' dir='ltr'><strong>praescribuntur.</strong></span> <span class='ocrx_word' id='word_1_132' title='bbox 803 2598 844 2674; x_wconf 81' lang='lat' dir='ltr'><strong>Si</strong></span> <span class='ocrx_word' id='word_1_133' title='bbox 878 2607 1034 2698; x_wconf 88' lang='lat' dir='ltr'><strong>praeter</strong></span> <span class='ocrx_word' id='word_1_134' title='bbox 1060 2598 1340 2698; x_wconf 87' lang='lat' dir='ltr'><strong>jusjurandum</strong></span> 
     </span>
     <span class='ocr_line' id='line_1_20' title="bbox 102 2714 1339 2814; baseline -0.002 -22"><span class='ocrx_word' id='word_1_135' title='bbox 102 2717 152 2792; x_wconf 91' lang='lat' dir='ltr'><strong>de</strong></span> <span class='ocrx_word' id='word_1_136' title='bbox 176 2715 342 2791; x_wconf 82' lang='lat' dir='ltr'><strong>veritate</strong></span> <span class='ocrx_word' id='word_1_137' title='bbox 366 2715 541 2809; x_wconf 92' lang='lat' dir='ltr'><strong>dicenda,</strong></span> <span class='ocrx_word' id='word_1_138' title='bbox 567 2715 684 2791; x_wconf 89' lang='lat' dir='ltr'><strong>etiam</strong></span> <span class='ocrx_word' id='word_1_139' title='bbox 710 2714 989 2814; x_wconf 89' lang='lat' dir='ltr'><strong>jusjurandum</strong></span> <span class='ocrx_word' id='word_1_140' title='bbox 1016 2716 1065 2791; x_wconf 91' lang='lat' dir='ltr'><strong>de</strong></span> <span class='ocrx_word' id='word_1_141' title='bbox 1090 2723 1235 2791; x_wconf 87' lang='lat' dir='ltr'><strong>secreto</strong></span> <span class='ocrx_word' id='word_1_142' title='bbox 1261 2741 1339 2791; x_wconf 89' lang='lat' dir='ltr'><strong>ser·</strong></span> 
     </span>
     <span class='ocr_line' id='line_1_21' title="bbox 102 2830 1339 2930; baseline 0 -23"><span class='ocrx_word' id='word_1_143' title='bbox 102 2834 231 2907; x_wconf 84' lang='lat' dir='ltr'><strong>vando</strong></span> <span class='ocrx_word' id='word_1_144' title='bbox 257 2858 281 2907; x_wconf 93' lang='lat' dir='ltr'><strong>a</strong></span> <span class='ocrx_word' id='word_1_145' title='bbox 305 2832 470 2907; x_wconf 87' lang='lat' dir='ltr'><strong>testibus</strong></span> <span class='ocrx_word' id='word_1_146' title='bbox 494 2831 718 2930; x_wconf 88' lang='lat' dir='ltr'><strong>requiritur,</strong></span> <span class='ocrx_word' id='word_1_147' title='bbox 744 2832 956 2925; x_wconf 89' lang='lat' dir='ltr'><strong>sciendum,</strong></span> <span class='ocrx_word' id='word_1_148' title='bbox 974 2857 1040 2907; x_wconf 88' lang='lat' dir='ltr'><strong>eos</strong></span> <span class='ocrx_word' id='word_1_149' title='bbox 1065 2830 1138 2907; x_wconf 90' lang='lat' dir='ltr'><strong>hoc</strong></span> <span class='ocrx_word' id='word_1_150' title='bbox 1162 2830 1339 2907; x_wconf 91' lang='lat' dir='ltr'><strong>ulteriori</strong></span> 
     </span>
     <span class='ocr_line' id='line_1_22' title="bbox 98 2946 1337 3047; baseline 0 -25"><span class='ocrx_word' id='word_1_151' title='bbox 98 2946 353 3046; x_wconf 90' lang='lat' dir='ltr'><strong>jurejurando</strong></span> <span class='ocrx_word' id='word_1_152' title='bbox 370 2947 495 3023; x_wconf 87' lang='lat' dir='ltr'><strong>teneri</strong></span> <span class='ocrx_word' id='word_1_153' title='bbox 513 2948 702 3047; x_wconf 88' lang='lat' dir='ltr'><strong>usquead</strong></span> <span class='ocrx_word' id='word_1_154' title='bbox 722 2946 887 3044; x_wconf 81' lang='lat' dir='ltr'><strong>legalem</strong></span> <span class='ocrx_word' id='word_1_155' title='bbox 906 2946 1194 3046; x_wconf 91' lang='lat' dir='ltr'><strong>depositionum</strong></span> <span class='ocrx_word' id='word_1_156' title='bbox 1211 2948 1337 3047; x_wconf 91' lang='lat' dir='ltr'><strong>publi·</strong></span> 
     </span>
     <span class='ocr_line' id='line_1_23' title="bbox 102 3063 601 3163; baseline 0.002 -25"><span class='ocrx_word' id='word_1_157' title='bbox 102 3063 305 3157; x_wconf 87' lang='lat' dir='ltr'><strong>cationem‚</strong></span> <span class='ocrx_word' id='word_1_158' title='bbox 323 3090 402 3139; x_wconf 93' lang='lat' dir='ltr'><strong>non</strong></span> <span class='ocrx_word' id='word_1_159' title='bbox 420 3063 601 3163; x_wconf 90' lang='lat' dir='ltr'><strong>amplius.</strong></span> 
     </span>
    </p>

    <p class='ocr_par' dir='ltr' id='par_1_6' title="bbox 101 3179 1339 4558">
     <span class='ocr_line' id='line_1_24' title="bbox 151 3179 1338 3280; baseline -0.001 -23"><span class='ocrx_word' id='word_1_160' title='bbox 151 3181 237 3257; x_wconf 81' lang='lat'><strong>312.</strong></span> <span class='ocrx_word' id='word_1_161' title='bbox 267 3179 380 3255; x_wconf 87' lang='lat' dir='ltr'><strong>“Ubi</strong></span> <span class='ocrx_word' id='word_1_162' title='bbox 405 3180 447 3255; x_wconf 90' lang='lat' dir='ltr'><strong>id</strong></span> <span class='ocrx_word' id='word_1_163' title='bbox 472 3206 597 3275; x_wconf 92' lang='lat' dir='ltr'><strong>omne,</strong></span> <span class='ocrx_word' id='word_1_164' title='bbox 614 3182 720 3280; x_wconf 88' lang='lat' dir='ltr'><strong>quod</strong></span> <span class='ocrx_word' id='word_1_165' title='bbox 736 3184 787 3259; x_wconf 88' lang='lat' dir='ltr'><strong>ad</strong></span> <span class='ocrx_word' id='word_1_166' title='bbox 803 3181 1008 3257; x_wconf 88' lang='lat' dir='ltr'><strong>veritatem</strong></span> <span class='ocrx_word' id='word_1_167' title='bbox 1035 3183 1225 3257; x_wconf 87' lang='lat' dir='ltr'><strong>factorum</strong></span> <span class='ocrx_word' id='word_1_168' title='bbox 1250 3207 1338 3257; x_wconf 92' lang='lat' dir='ltr'><strong>con·</strong></span> 
     </span>
     <span class='ocr_line' id='line_1_25' title="bbox 103 3295 1338 3397; baseline 0.001 -26"><span class='ocrx_word' id='word_1_169' title='bbox 103 3295 341 3371; x_wconf 89' lang='lat' dir='ltr'><strong>stituendam</strong></span> <span class='ocrx_word' id='word_1_170' title='bbox 385 3305 424 3372; x_wconf 93' lang='lat' dir='ltr'><strong>et</strong></span> <span class='ocrx_word' id='word_1_171' title='bbox 465 3297 622 3395; x_wconf 89' lang='lat' dir='ltr'><strong>culpam</strong></span> <span class='ocrx_word' id='word_1_172' title='bbox 665 3297 832 3373; x_wconf 89' lang='lat' dir='ltr'><strong>accusati</strong></span> <span class='ocrx_word' id='word_1_173' title='bbox 873 3299 1115 3397; x_wconf 88' lang='lat' dir='ltr'><strong>probandam</strong></span> <span class='ocrx_word' id='word_1_174' title='bbox 1158 3297 1338 3396; x_wconf 87' lang='lat' dir='ltr'><strong>pertinet,</strong></span> 
     </span>
     <span class='ocr_line' id='line_1_26' title="bbox 103 3412 1337 3512; baseline 0.002 -25"><span class='ocrx_word' id='word_1_175' title='bbox 103 3413 324 3488; x_wconf 89' lang='lat' dir='ltr'><strong>absolutum</strong></span> <span class='ocrx_word' id='word_1_176' title='bbox 347 3413 477 3502; x_wconf 84' lang='lat' dir='ltr'><strong>fuerit,</strong></span> <span class='ocrx_word' id='word_1_177' title='bbox 501 3412 717 3512; x_wconf 89' lang='lat' dir='ltr'><strong>imputatus</strong></span> <span class='ocrx_word' id='word_1_178' title='bbox 740 3412 987 3489; x_wconf 91' lang='lat' dir='ltr'><strong>intimatione</strong></span> <span class='ocrx_word' id='word_1_179' title='bbox 1010 3414 1155 3511; x_wconf 86' lang='lat' dir='ltr'><strong>scripta</strong></span> <span class='ocrx_word' id='word_1_180' title='bbox 1178 3416 1228 3489; x_wconf 92' lang='lat' dir='ltr'><strong>ad</strong></span> <span class='ocrx_word' id='word_1_181' title='bbox 1251 3440 1337 3489; x_wconf 85' lang='lat' dir='ltr'><strong>exa-</strong></span> 
     </span>
     <span class='ocr_line' id='line_1_27' title="bbox 104 3529 1339 3628; baseline 0.001 -24"><span class='ocrx_word' id='word_1_182' title='bbox 104 3555 194 3604; x_wconf 88' lang='lat' dir='ltr'><strong>men</strong></span> <span class='ocrx_word' id='word_1_183' title='bbox 228 3529 425 3627; x_wconf 85' lang='lat' dir='ltr'><strong>vocatur.’&#39;</strong></span> <span class='ocrx_word' id='word_1_184' title='bbox 491 3530 539 3628; x_wconf 88' lang='lat' dir='ltr'><strong>(a.</strong></span> <span class='ocrx_word' id='word_1_185' title='bbox 574 3532 679 3626; x_wconf 86' lang='lat' dir='ltr'><strong>xxr.)</strong></span> <span class='ocrx_word' id='word_1_186' title='bbox 737 3530 962 3605; x_wconf 84' lang='lat' dir='ltr'><strong>Cavendum</strong></span> <span class='ocrx_word' id='word_1_187' title='bbox 1007 3536 1148 3605; x_wconf 87' lang='lat' dir='ltr'><strong>estne</strong></span> <span class='ocrx_word' id='word_1_188' title='bbox 1182 3539 1339 3606; x_wconf 89' lang='lat' dir='ltr'><strong>vocetur</strong></span> 
     </span>
     <span class='ocr_line' id='line_1_28' title="bbox 103 3645 1337 3745; baseline 0.001 -25"><span class='ocrx_word' id='word_1_189' title='bbox 103 3652 311 3743; x_wconf 87' lang='lat' dir='ltr'><strong>antequam</strong></span> <span class='ocrx_word' id='word_1_190' title='bbox 338 3645 470 3720; x_wconf 89' lang='lat' dir='ltr'><strong>omnia</strong></span> <span class='ocrx_word' id='word_1_191' title='bbox 495 3645 655 3720; x_wconf 88' lang='lat' dir='ltr'><strong>collecta</strong></span> <span class='ocrx_word' id='word_1_192' title='bbox 678 3645 834 3738; x_wconf 86' lang='lat' dir='ltr'><strong>fuerint,</strong></span> <span class='ocrx_word' id='word_1_193' title='bbox 852 3671 951 3745; x_wconf 90' lang='lat' dir='ltr'><strong>quae</strong></span> <span class='ocrx_word' id='word_1_194' title='bbox 977 3645 1067 3720; x_wconf 83' lang='lat' dir='ltr'><strong>facti</strong></span> <span class='ocrx_word' id='word_1_195' title='bbox 1093 3645 1337 3721; x_wconf 85' lang='lat' dir='ltr'><strong>existentiam</strong></span> 
     </span>
     <span class='ocr_line' id='line_1_29' title="bbox 102 3760 1337 3860; baseline 0.002 -24"><span class='ocrx_word' id='word_1_196' title='bbox 102 3768 218 3860; x_wconf 89' lang='lat' dir='ltr'><strong>atque</strong></span> <span class='ocrx_word' id='word_1_197' title='bbox 260 3760 443 3860; x_wconf 91' lang='lat' dir='ltr'><strong>imputati</strong></span> <span class='ocrx_word' id='word_1_198' title='bbox 484 3762 639 3860; x_wconf 89' lang='lat' dir='ltr'><strong>culpam</strong></span> <span class='ocrx_word' id='word_1_199' title='bbox 683 3764 899 3837; x_wconf 86' lang='lat' dir='ltr'><strong>ostendant.</strong></span> <span class='ocrx_word' id='word_1_200' title='bbox 963 3762 1046 3836; x_wconf 85' lang='lat' dir='ltr'><strong>“ln</strong></span> <span class='ocrx_word' id='word_1_201' title='bbox 1080 3760 1337 3856; x_wconf 90' lang='lat' dir='ltr'><strong>intimatione,</strong></span> 
     </span>
     <span class='ocr_line' id='line_1_30' title="bbox 103 3877 1337 3978; baseline 0.002 -26"><span class='ocrx_word' id='word_1_202' title='bbox 103 3877 179 3952; x_wconf 87' lang='lat' dir='ltr'><strong>nisi</strong></span> <span class='ocrx_word' id='word_1_203' title='bbox 212 3877 422 3977; x_wconf 87' lang='lat' dir='ltr'><strong>prudentia</strong></span> <span class='ocrx_word' id='word_1_204' title='bbox 463 3880 599 3971; x_wconf 90' lang='lat' dir='ltr'><strong>obstet,</strong></span> <span class='ocrx_word' id='word_1_205' title='bbox 635 3878 896 3953; x_wconf 88' lang='lat' dir='ltr'><strong>accusationes</strong></span> <span class='ocrx_word' id='word_1_206' title='bbox 938 3886 1073 3954; x_wconf 90' lang='lat' dir='ltr'><strong>contra</strong></span> <span class='ocrx_word' id='word_1_207' title='bbox 1106 3904 1217 3954; x_wconf 91' lang='lat' dir='ltr'><strong>reum</strong></span> <span class='ocrx_word' id='word_1_208' title='bbox 1251 3905 1337 3978; x_wconf 89' lang='lat' dir='ltr'><strong>per·</strong></span> 
     </span>
     <span class='ocr_line' id='line_1_31' title="bbox 101 3993 1336 4093; baseline 0.002 -24"><span class='ocrx_word' id='word_1_209' title='bbox 101 3993 204 4069; x_wconf 91' lang='lat' dir='ltr'><strong>latae</strong></span> <span class='ocrx_word' id='word_1_210' title='bbox 247 4018 318 4093; x_wconf 90' lang='lat' dir='ltr'><strong>per</strong></span> <span class='ocrx_word' id='word_1_211' title='bbox 358 4001 558 4069; x_wconf 87' lang='lat' dir='ltr'><strong>extensum</strong></span> <span class='ocrx_word' id='word_1_212' title='bbox 599 3995 831 4087; x_wconf 83' lang='lat' dir='ltr'><strong>referuntur,</strong></span> <span class='ocrx_word' id='word_1_213' title='bbox 866 4002 911 4070; x_wconf 91' lang='lat' dir='ltr'><strong>ut</strong></span> <span class='ocrx_word' id='word_1_214' title='bbox 952 3997 1002 4071; x_wconf 90' lang='lat' dir='ltr'><strong>ad</strong></span> <span class='ocrx_word' id='word_1_215' title='bbox 1044 3994 1336 4093; x_wconf 88' lang='lat' dir='ltr'><strong>responsionem</strong></span> 
     </span>
     <span class='ocr_line' id='line_1_32' title="bbox 102 4110 1335 4211; baseline 0.003 -27"><span class='ocrx_word' id='word_1_216' title='bbox 102 4135 144 4187; x_wconf 90' lang='lat' dir='ltr'><strong>se</strong></span> <span class='ocrx_word' id='word_1_217' title='bbox 167 4135 402 4210; x_wconf 88' lang='lat' dir='ltr'><strong>praeparare</strong></span> <span class='ocrx_word' id='word_1_218' title='bbox 427 4110 582 4209; x_wconf 88' lang='lat' dir='ltr'><strong>possit’&#39;</strong></span> <span class='ocrx_word' id='word_1_219' title='bbox 613 4112 663 4210; x_wconf 87' lang='lat' dir='ltr'><strong>(a.</strong></span> <span class='ocrx_word' id='word_1_220' title='bbox 688 4113 827 4210; x_wconf 74' lang='lat' dir='ltr'><strong>xxm),</strong></span> <span class='ocrx_word' id='word_1_221' title='bbox 853 4120 894 4187; x_wconf 89' lang='lat' dir='ltr'><strong>et</strong></span> <span class='ocrx_word' id='word_1_222' title='bbox 918 4112 1076 4211; x_wconf 88' lang='lat' dir='ltr'><strong>quidem</strong></span> <span class='ocrx_word' id='word_1_223' title='bbox 1102 4111 1141 4186; x_wconf 92' lang='lat' dir='ltr'><strong>in</strong></span> <span class='ocrx_word' id='word_1_224' title='bbox 1170 4111 1335 4211; x_wconf 88' lang='lat' dir='ltr'><strong>scriptis.</strong></span> 
     </span>
     <span class='ocr_line' id='line_1_33' title="bbox 103 4226 1337 4327; baseline 0.003 -26"><span class='ocrx_word' id='word_1_225' title='bbox 103 4228 302 4321; x_wconf 88' lang='lat' dir='ltr'><strong>Attamen,</strong></span> <span class='ocrx_word' id='word_1_226' title='bbox 332 4226 367 4302; x_wconf 89' lang='lat' dir='ltr'><strong>si</strong></span> <span class='ocrx_word' id='word_1_227' title='bbox 401 4227 451 4302; x_wconf 94' lang='lat' dir='ltr'><strong>ob</strong></span> <span class='ocrx_word' id='word_1_228' title='bbox 484 4227 770 4302; x_wconf 86' lang='lat' dir='ltr'><strong>accusationum</strong></span> <span class='ocrx_word' id='word_1_229' title='bbox 805 4227 1046 4327; x_wconf 90' lang='lat' dir='ltr'><strong>qualitatem,</strong></span> <span class='ocrx_word' id='word_1_230' title='bbox 1079 4228 1141 4303; x_wconf 89' lang='lat' dir='ltr'><strong>vel</strong></span> <span class='ocrx_word' id='word_1_231' title='bbox 1176 4229 1254 4303; x_wconf 89' lang='lat' dir='ltr'><strong>alia</strong></span> <span class='ocrx_word' id='word_1_232' title='bbox 1288 4230 1337 4305; x_wconf 90' lang='lat' dir='ltr'><strong>de</strong></span> 
     </span>
     <span class='ocr_line' id='line_1_34' title="bbox 102 4342 1336 4443; baseline 0.002 -25"><span class='ocrx_word' id='word_1_233' title='bbox 102 4368 229 4438; x_wconf 87' lang='lat' dir='ltr'><strong>causa,</strong></span> <span class='ocrx_word' id='word_1_234' title='bbox 249 4342 356 4419; x_wconf 91' lang='lat' dir='ltr'><strong>haud</strong></span> <span class='ocrx_word' id='word_1_235' title='bbox 382 4343 562 4441; x_wconf 90' lang='lat' dir='ltr'><strong>expediat</strong></span> <span class='ocrx_word' id='word_1_236' title='bbox 585 4349 631 4418; x_wconf 92' lang='lat' dir='ltr'><strong>ut</strong></span> <span class='ocrx_word' id='word_1_237' title='bbox 655 4342 697 4418; x_wconf 93' lang='lat' dir='ltr'><strong>in</strong></span> <span class='ocrx_word' id='word_1_238' title='bbox 723 4343 969 4420; x_wconf 90' lang='lat' dir='ltr'><strong>intimatione</strong></span> <span class='ocrx_word' id='word_1_239' title='bbox 994 4344 1272 4443; x_wconf 89' lang='lat' dir='ltr'><strong>exprimantur,</strong></span> <span class='ocrx_word' id='word_1_240' title='bbox 1293 4345 1336 4421; x_wconf 91' lang='lat' dir='ltr'><strong>in</strong></span> 
     </span>
     <span class='ocr_line' id='line_1_35' title="bbox 102 4459 1336 4558; baseline 0.002 -24"><span class='ocrx_word' id='word_1_241' title='bbox 102 4459 175 4535; x_wconf 90' lang='lat' dir='ltr'><strong>hac</strong></span> <span class='ocrx_word' id='word_1_242' title='bbox 203 4459 300 4534; x_wconf 90' lang='lat' dir='ltr'><strong>satis</strong></span> <span class='ocrx_word' id='word_1_243' title='bbox 329 4459 405 4535; x_wconf 88' lang='lat' dir='ltr'><strong>erit</strong></span> <span class='ocrx_word' id='word_1_244' title='bbox 432 4459 593 4534; x_wconf 88' lang='lat' dir='ltr'><strong>innuere</strong></span> <span class='ocrx_word' id='word_1_245' title='bbox 622 4459 753 4558; x_wconf 91' lang='lat' dir='ltr'><strong>ipsum</strong></span> <span class='ocrx_word' id='word_1_246' title='bbox 784 4461 834 4534; x_wconf 91' lang='lat' dir='ltr'><strong>ad</strong></span> <span class='ocrx_word' id='word_1_247' title='bbox 864 4486 1025 4536; x_wconf 88' lang='lat' dir='ltr'><strong>examen</strong></span> <span class='ocrx_word' id='word_1_248' title='bbox 1053 4459 1194 4553; x_wconf 87' lang='lat' dir='ltr'><strong>vocari,</strong></span> <span class='ocrx_word' id='word_1_249' title='bbox 1221 4468 1266 4537; x_wconf 91' lang='lat' dir='ltr'><strong>ut</strong></span> <span class='ocrx_word' id='word_1_250' title='bbox 1294 4461 1336 4537; x_wconf 92' lang='lat' dir='ltr'><strong>in</strong></span> 
     </span>
    </p>
   </div>
   <div class='ocr_carea' id='block_1_4' title="bbox 102 4575 1336 4760">
    <p class='ocr_par' dir='ltr' id='par_1_7' title="bbox 102 4575 1336 4760">
     <span class='ocr_line' id='line_1_36' title="bbox 102 4575 1336 4676; baseline 0.002 -25"><span class='ocrx_word' id='word_1_251' title='bbox 102 4599 218 4651; x_wconf 88' lang='lat' dir='ltr'><strong>causa</strong></span> <span class='ocrx_word' id='word_1_252' title='bbox 248 4578 296 4652; x_wconf 89' lang='lat' dir='ltr'><strong>de</strong></span> <span class='ocrx_word' id='word_1_253' title='bbox 325 4602 403 4676; x_wconf 92' lang='lat' dir='ltr'><strong>qua</strong></span> <span class='ocrx_word' id='word_1_254' title='bbox 431 4583 566 4650; x_wconf 88' lang='lat' dir='ltr'><strong>contra</strong></span> <span class='ocrx_word' id='word_1_255' title='bbox 595 4601 683 4651; x_wconf 90' lang='lat' dir='ltr'><strong>eum</strong></span> <span class='ocrx_word' id='word_1_256' title='bbox 718 4577 762 4651; x_wconf 85' lang='lat' dir='ltr'><strong>fit</strong></span> <span class='ocrx_word' id='word_1_257' title='bbox 795 4575 995 4676; x_wconf 89' lang='lat' dir='ltr'><strong>inquisitio</strong></span> <span class='ocrx_word' id='word_1_258' title='bbox 1031 4601 1114 4652; x_wconf 89' lang='lat' dir='ltr'><strong>sese</strong></span> <span class='ocrx_word' id='word_1_259' title='bbox 1144 4577 1336 4653; x_wconf 85' lang='lat' dir='ltr'><strong>defendat</strong></span> 
     </span>
     <span class='ocr_line' id='line_1_37' title="bbox 236 4695 278 4760; baseline 0.071 -3"><span class='ocrx_word' id='word_1_260' title='bbox 236 4695 278 4760; x_wconf 89' lang='grc'><strong>19</strong></span> 
     </span>
    </p>
   </div>
   <div class='ocr_carea' id='block_1_5' title="bbox 0 0 1576 5242">
    <p class='ocr_par' dir='ltr' id='par_1_8' title="bbox 0 0 1576 5242">
     <span class='ocr_line' id='line_1_38' title="bbox 0 0 1576 5242; baseline 0 2"><span class='ocrx_word' id='word_1_261' title='bbox 0 0 1576 5242; x_wconf 95' lang='lat' dir='ltr'><strong> </strong></span> 
     </span>
    </p>
   </div>
  </div>
 </body>
</html>
