3142 5242
162 421 226 483 208
655 434 901 481 nreaxnrx.

161 603 246 658 terea
259 600 401 657 remmret
413 614 602 678 suspensus3
622 589 677 656 sed
692 589 857 655 Ordinarii
872 598 1021 655 tenentur
1033 587 1229 675 compellere
1241 586 1393 654 ordimur

161 696 203 762 ad
225 696 357 761 alterius
378 695 468 761 tituli
490 695 759 782 subrogationem,
780 703 878 780 prout
898 695 996 759 saeris
1017 692 1199 757 canonibus
1220 691 1392 757 consultum

160 811 218 867 est.
263 799 306 865 Id
328 800 423 866 Sacra
445 800 523 865 haec
535 798 749 887 Congregatio
771 797 806 862 in
825 796 1028 885 generalibus
1042 793 1196 863 Comitiis
1208 794 1277 860 diei
1293 798 1310 859 1
1325 792 1393 881 Sep·

161 904 295 971 tembris
312 908 395 970 1856
411 902 595 969 declaravit.

208 1012 258 1074 12.
282 1009 408 1073 Pariter
428 1008 603 1073 sacerdotes
624 1007 795 1095 regulares,
810 1006 867 1095 qui
888 1017 965 1074 vota
985 1006 1142 1071 solemnia
1162 1014 1394 1093 nuncuparunt,

161 1124 257 1200 etque
276 1136 316 1177 ex
331 1111 518 1198 Apostolica
539 1111 741 1198 indulgentia
763 1112 798 1176 in
819 1111 943 1176 saeculo
957 1111 1068 1177 vivere
1089 1109 1336 1197 permittuntur,
1348 1105 1394 1173 rel

160 1217 218 1305 qui
233 1217 403 1283 ediderunt
417 1225 494 1282 vota
507 1215 665 1302 simplicia
678 1226 710 1281 et
724 1238 743 1280 e
756 1215 823 1281 suis
837 1214 1148 1302 Cougmgationibus
1163 1235 1224 1278 seu
1238 1211 1395 1278 Institutis

161 1321 279 1409 egressi
301 1329 386 1403 sunt,
409 1342 449 1384 ne
469 1342 543 1384 eum
565 1320 686 1407 proprii
709 1320 827 1406 gradus
847 1318 998 1384 dedecore
1018 1315 1219 1384 emendicare
1239 1328 1401 1403 cogantur,

160 1425 203 1490 ad
226 1425 287 1490 sibi
314 1424 355 1489 de
378 1424 528 1489 canonico
551 1423 648 1489 titulo
670 1422 906 1510 providendum
931 1422 1135 1509 obligentur3
1165 1421 1201 1486 in
1225 1420 1306 1486 locis
1327 1442 1397 1486 vere

162 1529 349 1595 missionum
366 1528 428 1615 ipsi
445 1527 580 1615 probare
596 1527 709 1593 saltem
724 1538 881 1610 tenentur,
896 1526 958 1592 sibi
972 1536 1139 1613 suppetere
1154 1524 1273 1609 melia,
1287 1524 1397 1612 quibus

160 1632 308 1721 propriae
321 1632 553 1716 sustentationi,
568 1640 605 1696 ut
619 1655 678 1719 pur
691 1641 752 1727 est,
763 1631 939 1698 consulant

206 1740 260 1803 13.
283 1737 351 1817 Qui
374 1735 472 1802 titulo
493 1745 595 1801 certae
615 1736 751 1801 alicuius
773 1735 940 1802 Missionis
960 1734 1002 1800 ad
1023 1732 1251 1800 eccloeiustioos
1265 1733 1399 1799 Ordines

160 1839 399 1922 adscenderunt,
415 1840 470 1904 ubi
486 1839 684 1905 Missionarii
706 1837 846 1905 officium
860 1840 1051 1921 dimiserint,
1066 1837 1178 1925 procul
1193 1838 1298 1904 dubio
1309 1858 1399 1903 suum

160 1945 315 2010 amittunt
335 1944 480 2027 titulum,
494 1967 531 2008 ac
552 1942 593 2009 de
613 1944 679 2009 alio
699 1942 759 2009 sibi
782 1942 951 2031 providere
971 1942 1106 2024 debent;
1128 1942 1253 2008 sivero
1275 1941 1400 2007 alterius

161 2048 322 2113 missionis
344 2047 477 2113 servitio
498 2047 703 2134 deputentur,
719 2057 754 2112 ut
772 2047 869 2113 huius
884 2046 1051 2112 Missionis
1072 2046 1206 2111 titulum
1228 2054 1399 2127 assument,

161 2176 248 2218 nova
262 2175 343 2238 opus
357 2153 419 2216 erit
432 2151 466 2217 S.
476 2150 567 2216 Sedis
581 2152 793 2233 couoessi01103
814 2151 1017 2239 nequeenim
1031 2151 1077 2215 eis
1090 2134 1400 2236 suffmgutur'facul·

160 2264 219 2338 tas,
242 2256 268 2320 si
293 2278 390 2341 quam
414 2255 590 2321 obtinuerit
612 2256 679 2321 eius
701 2256 862 2320 missionis
884 2254 1086 2337 Ordinarius,
1108 2262 1289 2318 memorato
1310 2251 1401 2319 titulo

160 2359 291 2425 clericos
306 2358 487 2425 ordinandi.
1342 2378 1346 2383 ’

207 2467 258 2528 14.
282 2463 448 2528 Ordinarii
471 2463 506 2527 iu
528 2462 733 2529 missionibus
755 2473 888 2529 utantur
908 2485 1006 2550 opera
1026 2461 1159 2527 illorum
1181 2459 1282 2526 etiam
1304 2483 1401 2527 saeer-

161 2567 284 2649 dotum,
300 2567 358 2654 qui
372 2566 446 2632 aliis
459 2566 565 2632 titulis
579 2566 620 2632 ud
635 2589 739 2633 sacros
753 2566 893 2632 Ordines
907 2567 1036 2632 admissi
1059 2565 1198 2648 fuerunt,
1214 2566 1352 2631 servatis
1363 2564 1402 2629 de

162 2672 231 2736 iure
245 2670 411 2736 servandis
421 2697 430 2753 3
454 2672 655 2757 nequeenim
676 2672 737 2758 ipsi
760 2681 893 2758 poffiunt
914 2694 966 2736 eos
988 2670 1184 2756 adstringere
1203 2667 1248 2734 ad
1269 2669 1401 2733 titulum

162 2774 322 2839 missionis
336 2774 585 2861 subrogandum.
630 2776 722 2855 Quin
745 2776 844 2840 immo
866 2775 1013 2840 hortatur
1027 2774 1060 2840 S.
1076 2773 1291 2860 Congregatio
1306 2771 1401 2837 Ouli-

162 2879 278 2961 nari0S,
296 2889 332 2942 ut
346 2889 502 2964 quantum
525 2880 595 2944 ficri
617 2890 730 2965 potest,
745 2879 801 2945 ulii
816 2903 942 2967 quoque
965 2878 1101 2965 legitimi
1123 2875 1211 2943 tituli
1234 2900 1295 2964 pro
1317 2899 1401 2941 saera

162 2982 373 3047 Ordinatione
388 2982 641 3049 introducantur.

208 3090 260 3152 15.
286 3086 432 3150 Tandem
458 3087 553 3152 Sacra
577 3088 791 3175 Congregatio
813 3088 1069 3153 animadvertens
1099 3086 1294 3151 incremento
1326 3086 1400 3150 mis-

162 3190 289 3255 sionum
312 3190 490 3275 plurimum
512 3214 603 3277 posse
617 3193 800 3274 conducere,
816 3193 915 3279 siqui
935 3193 967 3256 iu
983 3191 1125 3277 collegiis
1139 3191 1208 3254 sive
1223 3189 1400 3254 seminariis

163 3294 329 3380 utriusque
343 3295 429 3377 cleri,
445 3296 604 3383 evangelii
627 3319 795 3382 praecones
812 3320 890 3360 mox
912 3296 1015 3361 futuri
1034 3294 1156 3360 educati
1172 3303 1260 3375 sunt,
1276 3293 1329 3359 vel
1345 3293 1400 3380 qui

162 3398 259 3462 titulo
275 3398 440 3464 Missionis
455 3400 496 3464 ad
512 3399 650 3465 Ordines
672 3401 759 3466 suere
782 3401 1054 3487 promoti,sni1no
1076 3397 1251 3464 identidem
1263 3397 1400 3463 recolant

163 3501 395 3585 iusiurandum,
411 3526 475 3589 quo
497 3526 530 3568 se
552 3503 802 3587 obstrinxerunt,
817 3503 1004 3590 cooperandi
1025 3504 1095 3568 Deo
1117 3501 1151 3566 in
1174 3501 1311 3567 salutem
1332 3501 1400 3567 ani·

163 3628 306 3687 maru1n3
327 3630 379 3672 eos
394 3607 549 3690 hortatur,
566 3618 603 3673 ut
617 3608 651 3673 in
666 3632 766 3673 annos
788 3608 931 3695 singulos
952 3607 1170 3673 anniversaria
1183 3606 1238 3671 die
1257 3605 1399 3693 praoetiti

163 3710 333 3774 iuramenti
360 3710 443 3775 illud
469 3721 608 3798 repetere
634 3722 753 3795 curent,
778 3713 860 3777 serio
886 3711 1073 3776 meditantes
1096 3710 1243 3775 divinam
1269 3734 1345 3797 erga
1368 3731 1399 3773 se

163 3813 347 3897 benitatem,
362 3838 443 3902 quae
457 3839 509 3880 eos
524 3817 688 3881 constituit
702 3817 808 3884 Verbi
825 3817 987 3882 ministros
1005 3815 1045 3880 ad
1068 3814 1293 3879 annuntitmdu
1306 3816 1398 3879 mira·

163 3917 242 3983 bilia
257 3920 388 3984 virtutis
402 3943 439 3983 ac
452 3920 610 4006 potentiae
625 3944 718 4003 suae;
741 3945 838 4009 quarn
862 3920 1130 3985 immarcescibilis
1151 3917 1274 4004 gloriae
1288 3940 1400 3983 corona

163 4023 208 4086 eis
223 4022 257 4086 iu
273 4023 367 4087 coelis
381 4034 491 4110 parata
505 4025 557 4107 sit,
573 4025 599 4089 si
615 4025 754 4090 officium
769 4049 863 4090 suum
878 4036 984 4090 sancte
999 4023 1222 4109 impleverint3
1242 4043 1400 4110 quamque

164 4136 306 4190 econtra
319 4126 499 4192 districtum
522 4140 648 4193 maneat
670 4130 835 4212 iudicium,
850 4130 878 4193 si
893 4128 1088 4215 negligentia
1102 4126 1154 4192 vel
1170 4127 1315 4191 socordia
1335 4148 1398 4205 sua,

163 4229 250 4316 quod
272 4232 365 4314 absit,
380 4255 574 4319 quemquam
596 4234 699 4320 perire
720 4234 897 4319 contigerit.
943 4232 986 4298 Id
1008 4243 1125 4314 autem,
1140 4254 1205 4318 quo
1220 4232 1399 4317 promptius

164 4343 196 4398 et
220 4334 355 4399 alacrius
379 4347 548 4421 praestent,
573 4339 722 4403 noverint
747 4360 772 4403 s.
800 4360 842 4404 ιιι.
868 4337 966 4401 Pium
991 4336 1061 4404 VI.
1088 4336 1123 4400 in
1148 4334 1314 4400 audientia
1339 4332 1398 4399 diei

166 4438 184 4501 7
206 4437 289 4502 Maii
314 4441 399 4504 1775
421 4440 593 4526 unicuique
615 4440 746 4505 illorum
767 4440 943 4526 plenariam
966 4439 1210 4525 indulgentiam,
1232 4438 1400 4503 animabus

163 4563 290 4627 qnoque
312 4541 347 4604 in
370 4542 561 4629 Purgatorio
583 4543 719 4607 detentis
740 4542 973 4627 applieabilem,
989 4551 1019 4606 et
1042 4544 1203 4627 perpet-uis
1224 4543 1400 4608 valituram
