3142 5242
527 1080 874 1188 TITULUS
917 1082 1025 1188 XI.

432 1320 497 1426 De
529 1319 764 1456 Sepultura
798 1318 1123 1426 Ecclesiastiea

605 1717 742 1792 Curua
770 1716 954 1793 Uurcuu.

208 1904 294 1981 317.
330 1904 493 1979 Summa
515 1899 706 1999 sapientia
725 1898 954 1976 Decessores
971 1899 1108 1977 Nostri
1130 1900 1172 1976 in
1195 1900 1398 2001 Superiori

158 2017 331 2094 Concilio
361 2017 416 2117 (N
417 2044 452 2095 o.
479 2018 585 2117 392),
620 2022 642 2059 ‘⁴
654 2017 705 2091 ob
733 2017 995 2093 conditionem
1024 2015 1067 2093 in
1095 2042 1175 2117 qua
1204 2025 1398 2095 nostrates

158 2134 401 2228 versantur,”
444 2132 759 2233 dijudicaverunt
795 2132 1058 2234 mitigandum
1099 2158 1184 2211 esse
1225 2135 1397 2235 rigorem

158 2250 256 2350 legis
281 2250 323 2327 iu
348 2252 462 2327 Conc.
481 2249 591 2327 Plen.
609 2248 713 2326 Balt.
732 2249 766 2327 Ι.
783 2249 897 2344 latae,
913 2275 993 2350 qua
1008 2249 1174 2327 vetitum
1197 2249 1277 2327 fuit
1296 2250 1398 2329 ritus

157 2368 433 2444 ecclesiasticos
451 2366 627 2443 adhiberi
650 2366 692 2442 in
709 2367 912 2464 sepultura
927 2365 1114 2459 fidelium,
1132 2368 1397 2467 quandocum-

156 2509 233 2585 que
257 2510 394 2560 eorum
418 2508 582 2583 corpora
613 2481 903 2582 sepeliebantur
927 2482 970 2558 in
993 2482 1226 2560 coemeterio
1254 2484 1398 2581 alieno,

157 2602 224 2677 ubi
267 2603 404 2676 aderat
452 2600 727 2677 coemeterium
769 2598 1027 2677 Catholieum.
1113 2598 1247 2692 Quum
1289 2601 1398 2678 euim

156 2719 290 2818 plures
315 2716 489 2816 quotidie
514 2719 565 2794 ad
589 2718 706 2793 fidem
730 2724 1018 2812 convertantur,
1041 2743 1209 2818 quorum
1234 2743 1396 2794 consan-

156 2835 386 2934 guineorum
403 2859 566 2933 corpora
587 2833 630 2910 in
652 2835 775 2909 fundo
792 2834 1004 2910 domestico
1030 2833 1149 2910 alieni
1173 2836 1395 2912 coemeterii

156 2953 396 3042 conduntur3
432 2957 472 3025 ct
500 2953 637 3026 ecdem
667 2952 795 3045 modo,
822 2949 938 3026 multi
969 2949 1159 3025 Catholici
1188 2951 1396 3050 proprium

155 3068 321 3141 fundum
343 3065 429 3166 jam
455 3074 545 3142 ante
569 3066 816 3167 possiderent
839 3092 957 3167 quam
984 3066 1048 3143 lex
1072 3066 1148 3142 fuit
1171 3065 1255 3142 lata
1275 3069 1396 3167 (anno

157 3183 286 3280 1853),
304 3183 367 3257 vel
392 3190 494 3258 certe
511 3183 596 3259 sine
612 3183 696 3259 ulla
710 3183 847 3260 fraude
864 3191 953 3283 post
978 3184 1105 3283 legem
1131 3182 1395 3283 acquisierint,

156 3301 299 3374 durum
341 3298 438 3398 ipsis
476 3298 644 3394 ridetur,
679 3307 769 3399 post
809 3308 976 3375 mortem
1017 3298 1277 3376 ecclesiastico
1314 3301 1397 3377 ritu

155 3415 303 3491 funeris
333 3414 493 3491 omnino
522 3415 683 3515 privari,
710 3416 786 3491 nisi
820 3418 1064 3515 sepulturam
1094 3415 1170 3491 sihi
1203 3416 1397 3516 elegerint

156 3533 206 3607 ab
235 3557 282 3607 ca
310 3530 686 3629 consanguineorum
717 3539 757 3608 ct
785 3533 960 3608 affinium
990 3534 1218 3631 sejunctam.
1288 3533 1396 3609 Hinc

156 3648 331 3747 plurium
365 3648 665 3723 acatholicorum
699 3647 822 3724 animi
861 3650 912 3725 ab
949 3649 1125 3725 Ecclesia
1157 3649 1394 3746 alienantur,

158 3764 443 3862 aliquandoque
460 3765 578 3840 etiam
595 3764 729 3840 fideles
751 3773 792 3840 et
812 3790 1086 3842 conversorum
1102 3766 1394 3866 consanguinei,

157 3878 222 3980 qui
249 3879 354 3955 inter
376 3880 500 3978 ipsius
519 3881 656 3956 mortis
679 3880 859 3957 tristitias
885 3882 983 3982 legis
1007 3883 1177 3981 rigorem
1200 3881 1394 3978 incusant,

157 3996 247 4071 odia
272 3998 458 4071 adversus
485 3997 680 4072 Ecclesiae
704 3997 904 4072 ministros
930 3999 1146 4097 suscipiunt
1162 4006 1203 4073 et
1219 4001 1394 4099 quando·

157 4139 231 4212 que
249 4139 272 4187 a
289 4115 365 4188 fide
382 4113 541 4188 omnino
559 4115 754 4191 deficiunt.

206 4230 293 4306 318.
327 4230 394 4305 Ad
419 4230 513 4305 hacc
537 4229 658 4330 igitur
682 4232 788 4307 mala
812 4234 1089 4332 praecavenda,
1107 4235 1213 4309 etad
1233 4259 1395 4309 omnem

157 4344 452 4444 ambiguitatem
467 4373 490 4421 a
503 4347 667 4422 Petrum
681 4348 811 4423 verbis
824 4345 1103 4442 amovendam3
1122 4374 1243 4448 quum
1262 4351 1396 4448 agitur

157 4462 206 4537 de
234 4462 436 4561 sepultura
463 4489 599 4539 eorum
628 4464 695 4563 qui
724 4467 882 4542 fuerunt
911 4470 961 4543 ad
990 4468 1107 4543 fidem
1136 4466 1328 4556 conversi,
1354 4475 1397 4542 ct

157 4603 322 4674 quorum
357 4579 585 4678 superstites
619 4582 821 4657 acatholici
854 4584 1020 4659 fundum
1054 4581 1316 4658 domesticum
1350 4582 1395 4660 in

290 4699 353 4761 182
