<?xml version="1.0" encoding="UTF-8"?>
<!DOCTYPE html PUBLIC "-//W3C//DTD XHTML 1.0 Transitional//EN"
    "http://www.w3.org/TR/xhtml1/DTD/xhtml1-transitional.dtd">
<html xmlns="http://www.w3.org/1999/xhtml" xml:lang="en" lang="en">
 <head>
  <title>
</title>
<meta http-equiv="Content-Type" content="text/html;charset=utf-8" />
  <meta name='ocr-system' content='tesseract 3.04.00' />
  <meta name='ocr-capabilities' content='ocr_page ocr_carea ocr_par ocr_line ocrx_word'/>
</head>
<body>
  <div class='ocr_page' id='page_1' title='image "./actaetdecretaco00gibbgoog_0343.png"; bbox 0 0 3142 5242; ppageno 0'>
   <div class='ocr_carea' id='block_1_1' title="bbox 169 432 907 495">
    <p class='ocr_par' dir='ltr' id='par_1_1' title="bbox 169 432 907 495">
     <span class='ocr_line' id='line_1_1' title="bbox 169 432 907 495; baseline 0.001 -2"><span class='ocrx_word' id='word_1_1' title='bbox 169 432 233 495; x_wconf 83' lang='lat'>226</span> <span class='ocrx_word' id='word_1_2' title='bbox 662 446 907 494; x_wconf 68' lang='lat' dir='ltr'>rerumne.</span> 
     </span>
    </p>
   </div>
   <div class='ocr_carea' id='block_1_2' title="bbox 168 564 1409 794">
    <p class='ocr_par' dir='ltr' id='par_1_2' title="bbox 168 564 1409 794">
     <span class='ocr_line' id='line_1_2' title="bbox 168 564 1409 691; baseline 0.001 -23"><span class='ocrx_word' id='word_1_3' title='bbox 168 603 251 669; x_wconf 88' lang='lat' dir='ltr'>narii</span> <span class='ocrx_word' id='word_1_4' title='bbox 265 603 426 691; x_wconf 71' lang='lat' dir='ltr'>regulares</span> <span class='ocrx_word' id='word_1_5' title='bbox 439 603 597 669; x_wconf 90' lang='lat' dir='ltr'>bonorum</span> <span class='ocrx_word' id='word_1_6' title='bbox 610 564 846 690; x_wconf 82' lang='lat' dir='ltr'>temporalium,</span> <span class='ocrx_word' id='word_1_7' title='bbox 857 602 899 669; x_wconf 91' lang='lat' dir='ltr'>ad</span> <span class='ocrx_word' id='word_1_8' title='bbox 914 603 1000 690; x_wconf 90' lang='lat' dir='ltr'>ipsos</span> <span class='ocrx_word' id='word_1_9' title='bbox 1013 624 1078 690; x_wconf 78' lang='lat' dir='ltr'>qua</span> <span class='ocrx_word' id='word_1_10' title='bbox 1089 602 1253 687; x_wconf 65' lang='lat' dir='ltr'>rapulam</span> <span class='ocrx_word' id='word_1_11' title='bbox 1265 612 1409 691; x_wconf 73' lang='lat' dir='ltr'>spectan-</span> 
     </span>
     <span class='ocr_line' id='line_1_3' title="bbox 168 706 1407 794; baseline -0.001 -22"><span class='ocrx_word' id='word_1_12' title='bbox 168 707 261 793; x_wconf 89' lang='lat' dir='ltr'>tium,</span> <span class='ocrx_word' id='word_1_13' title='bbox 274 709 430 774; x_wconf 89' lang='lat' dir='ltr'>rationem</span> <span class='ocrx_word' id='word_1_14' title='bbox 453 707 622 794; x_wconf 82' lang='lat' dir='ltr'>Episcopis</span> <span class='ocrx_word' id='word_1_15' title='bbox 643 706 775 772; x_wconf 79' lang='lat' dir='ltr'>reddere</span> <span class='ocrx_word' id='word_1_16' title='bbox 794 729 860 772; x_wconf 90' lang='lat' dir='ltr'>non</span> <span class='ocrx_word' id='word_1_17' title='bbox 880 714 1040 774; x_wconf 89' lang='lat' dir='ltr'>tenentur.</span> <span class='ocrx_word' id='word_1_18' title='bbox 1084 707 1125 771; x_wconf 82' lang='lat'>2⁰</span> <span class='ocrx_word' id='word_1_19' title='bbox 1148 706 1281 773; x_wconf 86' lang='lat' dir='ltr'>Eorum</span> <span class='ocrx_word' id='word_1_20' title='bbox 1303 716 1407 771; x_wconf 76' lang='lat' dir='ltr'>tamen</span> 
     </span>
    </p>
   </div>
   <div class='ocr_carea' id='block_1_3' title="bbox 82 810 1407 3704">
    <p class='ocr_par' dir='ltr' id='par_1_3' title="bbox 82 810 1407 1523">
     <span class='ocr_line' id='line_1_4' title="bbox 82 810 1407 898; baseline -0.004 -17"><span class='ocrx_word' id='word_1_21' title='bbox 82 862 93 881; x_wconf 86' lang='lat'><strong>.</strong></span> <span class='ocrx_word' id='word_1_22' title='bbox 168 811 334 895; x_wconf 91' lang='lat' dir='ltr'>bonorum,</span> <span class='ocrx_word' id='word_1_23' title='bbox 364 835 447 898; x_wconf 86' lang='lat' dir='ltr'>quae</span> <span class='ocrx_word' id='word_1_24' title='bbox 474 810 628 894; x_wconf 85' lang='lat' dir='ltr'>missioni,</span> <span class='ocrx_word' id='word_1_25' title='bbox 654 810 708 877; x_wconf 87' lang='lat' dir='ltr'>vel</span> <span class='ocrx_word' id='word_1_26' title='bbox 736 810 936 897; x_wconf 84' lang='lat' dir='ltr'>regularibus</span> <span class='ocrx_word' id='word_1_27' title='bbox 962 811 1077 875; x_wconf 68' lang='lat' dir='ltr'>intuta</span> <span class='ocrx_word' id='word_1_28' title='bbox 1101 810 1262 875; x_wconf 70' lang='grc' dir='ltr'>ιιιιιιιίοιιιε</span> <span class='ocrx_word' id='word_1_29' title='bbox 1290 810 1407 876; x_wconf 78' lang='lat' dir='ltr'>tribou</span> 
     </span>
     <span class='ocr_line' id='line_1_5' title="bbox 170 912 1406 1003; baseline 0 -24"><span class='ocrx_word' id='word_1_30' title='bbox 170 915 311 999; x_wconf 84' lang='lat' dir='ltr'>suerunt,</span> <span class='ocrx_word' id='word_1_31' title='bbox 338 915 491 1003; x_wconf 81' lang='lat' dir='ltr'>Episcopi</span> <span class='ocrx_word' id='word_1_32' title='bbox 521 915 572 980; x_wconf 90' lang='lat' dir='ltr'>ius</span> <span class='ocrx_word' id='word_1_33' title='bbox 600 914 718 980; x_wconf 79' lang='lat' dir='ltr'>liabent</span> <span class='ocrx_word' id='word_1_34' title='bbox 746 915 789 980; x_wconf 91' lang='lat' dir='ltr'>ab</span> <span class='ocrx_word' id='word_1_35' title='bbox 816 914 929 980; x_wconf 88' lang='lat' dir='ltr'>iisdem</span> <span class='ocrx_word' id='word_1_36' title='bbox 958 914 1164 980; x_wconf 82' lang='lat' dir='ltr'>missiouariis</span> <span class='ocrx_word' id='word_1_37' title='bbox 1193 912 1406 1001; x_wconf 74' lang='lat' dir='ltr'>regularibus,</span> 
     </span>
     <span class='ocr_line' id='line_1_6' title="bbox 167 1015 1407 1107; baseline -0.001 -23"><span class='ocrx_word' id='word_1_38' title='bbox 167 1043 266 1107; x_wconf 67' lang='lat' dir='ltr'>acuite</span> <span class='ocrx_word' id='word_1_39' title='bbox 282 1043 319 1085; x_wconf 91' lang='lat' dir='ltr'>ac</span> <span class='ocrx_word' id='word_1_40' title='bbox 332 1044 353 1086; x_wconf 89' lang='lat' dir='ltr'>a</span> <span class='ocrx_word' id='word_1_41' title='bbox 367 1019 520 1086; x_wconf 83' lang='lat' dir='ltr'>Paroclris</span> <span class='ocrx_word' id='word_1_42' title='bbox 541 1019 618 1084; x_wconf 90' lang='lat' dir='ltr'>cleri</span> <span class='ocrx_word' id='word_1_43' title='bbox 638 1018 816 1102; x_wconf 85' lang='lat' dir='ltr'>saecularis,</span> <span class='ocrx_word' id='word_1_44' title='bbox 832 1019 988 1084; x_wconf 87' lang='lat' dir='ltr'>rationem</span> <span class='ocrx_word' id='word_1_45' title='bbox 1008 1015 1191 1105; x_wconf 87' lang='lat' dir='ltr'>exigendi.&#39;&#39;</span> <span class='ocrx_word' id='word_1_46' title='bbox 1235 1018 1320 1098; x_wconf 81' lang='lat' dir='ltr'>Quo</span> <span class='ocrx_word' id='word_1_47' title='bbox 1332 1039 1407 1083; x_wconf 86' lang='lat' dir='ltr'>vcro</span> 
     </span>
     <span class='ocr_line' id='line_1_7' title="bbox 168 1121 1405 1211; baseline -0.003 -22"><span class='ocrx_word' id='word_1_48' title='bbox 168 1124 286 1190; x_wconf 85' lang='lat' dir='ltr'>tabulis</span> <span class='ocrx_word' id='word_1_49' title='bbox 306 1125 425 1211; x_wconf 72' lang='lat' dir='ltr'>adepti</span> <span class='ocrx_word' id='word_1_50' title='bbox 446 1134 478 1189; x_wconf 90' lang='lat' dir='ltr'>et</span> <span class='ocrx_word' id='word_1_51' title='bbox 502 1122 632 1210; x_wconf 76' lang='lat' dir='ltr'>expensi</span> <span class='ocrx_word' id='word_1_52' title='bbox 655 1123 737 1188; x_wconf 76' lang='lat' dir='ltr'>ratio</span> <span class='ocrx_word' id='word_1_53' title='bbox 758 1132 924 1204; x_wconf 87' lang='lat' dir='ltr'>constaret,</span> <span class='ocrx_word' id='word_1_54' title='bbox 946 1144 1033 1187; x_wconf 77' lang='lat' dir='ltr'>sacer</span> <span class='ocrx_word' id='word_1_55' title='bbox 1054 1121 1139 1187; x_wconf 89' lang='lat' dir='ltr'>idem</span> <span class='ocrx_word' id='word_1_56' title='bbox 1159 1121 1285 1188; x_wconf 84' lang='lat' dir='ltr'>Coetus</span> <span class='ocrx_word' id='word_1_57' title='bbox 1305 1121 1360 1187; x_wconf 87' lang='lat' dir='ltr'>die</span> <span class='ocrx_word' id='word_1_58' title='bbox 1378 1138 1405 1185; x_wconf 82' lang='lat' dir='ltr'>x</span> 
     </span>
     <span class='ocr_line' id='line_1_8' title="bbox 169 1224 1404 1311; baseline -0.002 -19"><span class='ocrx_word' id='word_1_59' title='bbox 169 1227 248 1292; x_wconf 85' lang='lat' dir='ltr'>Maii</span> <span class='ocrx_word' id='word_1_60' title='bbox 274 1252 359 1294; x_wconf 78' lang='lat' dir='ltr'>aurio</span> <span class='ocrx_word' id='word_1_61' title='bbox 381 1246 631 1311; x_wconf 74' lang='lat' dir='ltr'>nrncocnxvm,</span> <span class='ocrx_word' id='word_1_62' title='bbox 655 1226 690 1291; x_wconf 93' lang='lat' dir='ltr'>in</span> <span class='ocrx_word' id='word_1_63' title='bbox 714 1225 873 1291; x_wconf 82' lang='lat' dir='ltr'>mandatis</span> <span class='ocrx_word' id='word_1_64' title='bbox 892 1225 1024 1291; x_wconf 80' lang='lat' dir='ltr'>dederat</span> <span class='ocrx_word' id='word_1_65' title='bbox 1045 1234 1084 1290; x_wconf 90' lang='grc' dir='ltr'>ιιι</span> <span class='ocrx_word' id='word_1_66' title='bbox 1105 1224 1191 1291; x_wconf 84' lang='lat' dir='ltr'>bona</span> <span class='ocrx_word' id='word_1_67' title='bbox 1213 1225 1404 1290; x_wconf 73' lang='lat' dir='ltr'>miaeionnm</span> 
     </span>
     <span class='ocr_line' id='line_1_9' title="bbox 167 1328 1404 1419; baseline -0.002 -24"><span class='ocrx_word' id='word_1_68' title='bbox 167 1330 337 1419; x_wconf 79' lang='lat' dir='ltr'>diligenter</span> <span class='ocrx_word' id='word_1_69' title='bbox 365 1332 625 1413; x_wconf 61' lang='lat' dir='ltr'>describerentur,</span> <span class='ocrx_word' id='word_1_70' title='bbox 654 1354 692 1397; x_wconf 87' lang='lat' dir='ltr'>ea</span> <span class='ocrx_word' id='word_1_71' title='bbox 719 1330 908 1396; x_wconf 89' lang='lat' dir='ltr'>secernendo</span> <span class='ocrx_word' id='word_1_72' title='bbox 935 1352 1018 1417; x_wconf 86' lang='lat' dir='ltr'>quae</span> <span class='ocrx_word' id='word_1_73' title='bbox 1046 1330 1176 1417; x_wconf 85' lang='lat' dir='ltr'>propria</span> <span class='ocrx_word' id='word_1_74' title='bbox 1214 1328 1404 1395; x_wconf 85' lang='lat' dir='ltr'>missionum</span> 
     </span>
     <span class='ocr_line' id='line_1_10' title="bbox 166 1434 1243 1523; baseline -0.002 -22"><span class='ocrx_word' id='word_1_75' title='bbox 166 1446 269 1502; x_wconf 76' lang='lat' dir='ltr'>essem</span> <span class='ocrx_word' id='word_1_76' title='bbox 282 1437 324 1501; x_wconf 85' lang='lat' dir='ltr'>ab</span> <span class='ocrx_word' id='word_1_77' title='bbox 339 1438 379 1501; x_wconf 91' lang='lat' dir='ltr'>iis</span> <span class='ocrx_word' id='word_1_78' title='bbox 393 1458 474 1523; x_wconf 77' lang='lat' dir='ltr'>(piae</span> <span class='ocrx_word' id='word_1_79' title='bbox 487 1434 529 1501; x_wconf 90' lang='lat' dir='ltr'>ad</span> <span class='ocrx_word' id='word_1_80' title='bbox 543 1436 692 1501; x_wconf 86' lang='lat' dir='ltr'>sodalitia</span> <span class='ocrx_word' id='word_1_81' title='bbox 704 1434 867 1501; x_wconf 85' lang='lat' dir='ltr'>sodalesve</span> <span class='ocrx_word' id='word_1_82' title='bbox 880 1434 1024 1522; x_wconf 87' lang='lat' dir='ltr'>singulos</span> <span class='ocrx_word' id='word_1_83' title='bbox 1037 1435 1243 1521; x_wconf 79' lang='lat' dir='ltr'>pertinerent.</span> 
     </span>
    </p>

    <p class='ocr_par' dir='ltr' id='par_1_4' title="bbox 162 1537 1405 3704">
     <span class='ocr_line' id='line_1_11' title="bbox 211 1537 1404 1626; baseline -0.003 -21"><span class='ocrx_word' id='word_1_84' title='bbox 211 1540 306 1605; x_wconf 82' lang='lat' dir='ltr'>Nihil</span> <span class='ocrx_word' id='word_1_85' title='bbox 332 1540 496 1606; x_wconf 86' lang='lat' dir='ltr'>enimvero</span> <span class='ocrx_word' id='word_1_86' title='bbox 521 1539 557 1604; x_wconf 88' lang='lat' dir='ltr'>in</span> <span class='ocrx_word' id='word_1_87' title='bbox 582 1539 632 1605; x_wconf 91' lang='lat' dir='ltr'>his</span> <span class='ocrx_word' id='word_1_88' title='bbox 653 1539 858 1605; x_wconf 81' lang='lat' dir='ltr'>decernendis</span> <span class='ocrx_word' id='word_1_89' title='bbox 879 1538 932 1604; x_wconf 82' lang='lat' dir='ltr'>vel</span> <span class='ocrx_word' id='word_1_90' title='bbox 957 1537 1188 1626; x_wconf 82' lang='lat' dir='ltr'>praecipiendis</span> <span class='ocrx_word' id='word_1_91' title='bbox 1212 1548 1263 1603; x_wconf 73' lang='lat' dir='ltr'>est</span> <span class='ocrx_word' id='word_1_92' title='bbox 1286 1550 1404 1621; x_wconf 87' lang='lat' dir='ltr'>aetum,</span> 
     </span>
     <span class='ocr_line' id='line_1_12' title="bbox 165 1642 1402 1731; baseline -0.001 -23"><span class='ocrx_word' id='word_1_93' title='bbox 165 1643 252 1731; x_wconf 86' lang='lat' dir='ltr'>quod</span> <span class='ocrx_word' id='word_1_94' title='bbox 273 1644 354 1709; x_wconf 91' lang='lat' dir='ltr'>iuris</span> <span class='ocrx_word' id='word_1_95' title='bbox 374 1644 554 1709; x_wconf 87' lang='lat' dir='ltr'>communis</span> <span class='ocrx_word' id='word_1_96' title='bbox 567 1644 721 1709; x_wconf 86' lang='lat' dir='ltr'>doctrinis</span> <span class='ocrx_word' id='word_1_97' title='bbox 735 1642 967 1731; x_wconf 81' lang='lat' dir='ltr'>vulgatissimis</span> <span class='ocrx_word' id='word_1_98' title='bbox 987 1644 1132 1730; x_wconf 89' lang='lat' dir='ltr'>apprime</span> <span class='ocrx_word' id='word_1_99' title='bbox 1153 1664 1221 1707; x_wconf 92' lang='lat' dir='ltr'>non</span> <span class='ocrx_word' id='word_1_100' title='bbox 1237 1654 1402 1729; x_wconf 77' lang='lat' dir='ltr'>congruat.</span> 
     </span>
     <span class='ocr_line' id='line_1_13' title="bbox 166 1743 1405 1836; baseline -0.003 -23"><span class='ocrx_word' id='word_1_101' title='bbox 166 1748 252 1813; x_wconf 71' lang='lat' dir='ltr'>Nam</span> <span class='ocrx_word' id='word_1_102' title='bbox 267 1747 401 1836; x_wconf 82' lang='lat' dir='ltr'>quaevis</span> <span class='ocrx_word' id='word_1_103' title='bbox 420 1748 542 1814; x_wconf 85' lang='lat' dir='ltr'>oblatio</span> <span class='ocrx_word' id='word_1_104' title='bbox 562 1746 700 1834; x_wconf 82' lang='lat' dir='ltr'>parocho</span> <span class='ocrx_word' id='word_1_105' title='bbox 721 1756 779 1812; x_wconf 83' lang='lat' dir='ltr'>aut</span> <span class='ocrx_word' id='word_1_106' title='bbox 799 1746 891 1812; x_wconf 82' lang='lat' dir='ltr'>alteri</span> <span class='ocrx_word' id='word_1_107' title='bbox 912 1746 1070 1812; x_wconf 82' lang='lat' dir='ltr'>Ecclesiae</span> <span class='ocrx_word' id='word_1_108' title='bbox 1084 1743 1215 1813; x_wconf 87' lang='lat' dir='ltr'>Rectori</span> <span class='ocrx_word' id='word_1_109' title='bbox 1236 1744 1315 1811; x_wconf 83' lang='lat' dir='ltr'>data</span> <span class='ocrx_word' id='word_1_110' title='bbox 1335 1746 1405 1832; x_wconf 87' lang='lat' dir='ltr'>piae</span> 
     </span>
     <span class='ocr_line' id='line_1_14' title="bbox 165 1848 1402 1938; baseline -0.003 -21"><span class='ocrx_word' id='word_1_111' title='bbox 165 1851 330 1917; x_wconf 83' lang='lat' dir='ltr'>cuiusdam</span> <span class='ocrx_word' id='word_1_112' title='bbox 345 1874 455 1917; x_wconf 78' lang='lat' dir='ltr'>musae</span> <span class='ocrx_word' id='word_1_113' title='bbox 470 1851 600 1933; x_wconf 86' lang='lat' dir='ltr'>intuitu,</span> <span class='ocrx_word' id='word_1_114' title='bbox 615 1852 744 1938; x_wconf 78' lang='lat' dir='ltr'>ipsimet</span> <span class='ocrx_word' id='word_1_115' title='bbox 764 1850 836 1937; x_wconf 82' lang='lat' dir='ltr'>piae</span> <span class='ocrx_word' id='word_1_116' title='bbox 849 1874 961 1918; x_wconf 86' lang='lat' dir='ltr'>causae</span> <span class='ocrx_word' id='word_1_117' title='bbox 973 1850 1160 1937; x_wconf 87' lang='lat' dir='ltr'>acquiritur.</span> <span class='ocrx_word' id='word_1_118' title='bbox 1204 1848 1262 1915; x_wconf 87' lang='lat' dir='ltr'>Ex</span> <span class='ocrx_word' id='word_1_119' title='bbox 1275 1873 1344 1937; x_wconf 92' lang='lat' dir='ltr'>quo</span> <span class='ocrx_word' id='word_1_120' title='bbox 1357 1850 1402 1931; x_wconf 83' lang='lat' dir='ltr'>fir,</span> 
     </span>
     <span class='ocr_line' id='line_1_15' title="bbox 165 1953 1403 2043; baseline -0.002 -23"><span class='ocrx_word' id='word_1_121' title='bbox 165 1965 203 2021; x_wconf 92' lang='grc' dir='ltr'>ιιι</span> <span class='ocrx_word' id='word_1_122' title='bbox 230 1956 382 2042; x_wconf 88' lang='lat' dir='ltr'>quirem</span> <span class='ocrx_word' id='word_1_123' title='bbox 410 1956 618 2043; x_wconf 83' lang='lat' dir='ltr'>pecuniamve</span> <span class='ocrx_word' id='word_1_124' title='bbox 642 1954 783 2020; x_wconf 84' lang='lat' dir='ltr'>oblatam</span> <span class='ocrx_word' id='word_1_125' title='bbox 807 1955 928 2041; x_wconf 86' lang='lat' dir='ltr'>aceepit</span> <span class='ocrx_word' id='word_1_126' title='bbox 954 1954 1223 2020; x_wconf 83' lang='lat' dir='ltr'>administratoris</span> <span class='ocrx_word' id='word_1_127' title='bbox 1253 1953 1325 2019; x_wconf 89' lang='lat' dir='ltr'>loeo</span> <span class='ocrx_word' id='word_1_128' title='bbox 1352 1953 1403 2034; x_wconf 88' lang='lat' dir='ltr'>sit,</span> 
     </span>
     <span class='ocr_line' id='line_1_16' title="bbox 165 2057 1404 2146; baseline -0.001 -22"><span class='ocrx_word' id='word_1_129' title='bbox 165 2062 255 2125; x_wconf 90' lang='lat' dir='ltr'>cuius</span> <span class='ocrx_word' id='word_1_130' title='bbox 274 2069 323 2125; x_wconf 85' lang='lat' dir='ltr'>cst</span> <span class='ocrx_word' id='word_1_131' title='bbox 344 2060 435 2125; x_wconf 88' lang='lat' dir='ltr'>illam</span> <span class='ocrx_word' id='word_1_132' title='bbox 449 2082 577 2146; x_wconf 86' lang='lat' dir='ltr'>erogare</span> <span class='ocrx_word' id='word_1_133' title='bbox 592 2058 685 2124; x_wconf 84' lang='lat' dir='ltr'>iuxta</span> <span class='ocrx_word' id='word_1_134' title='bbox 698 2068 837 2125; x_wconf 84' lang='lat' dir='ltr'>mentem</span> <span class='ocrx_word' id='word_1_135' title='bbox 851 2069 884 2125; x_wconf 82' lang='lat' dir='ltr'>et</span> <span class='ocrx_word' id='word_1_136' title='bbox 897 2059 1066 2125; x_wconf 88' lang='lat' dir='ltr'>eonsilium</span> <span class='ocrx_word' id='word_1_137' title='bbox 1082 2057 1267 2145; x_wconf 73' lang='lat' dir='ltr'>largitoris¹</span> <span class='ocrx_word' id='word_1_138' title='bbox 1312 2059 1404 2138; x_wconf 83' lang='lat' dir='ltr'>Quo·</span> 
     </span>
     <span class='ocr_line' id='line_1_17' title="bbox 165 2161 1403 2230; baseline -0.002 -2"><span class='ocrx_word' id='word_1_139' title='bbox 165 2165 252 2230; x_wconf 84' lang='lat' dir='ltr'>niam</span> <span class='ocrx_word' id='word_1_140' title='bbox 276 2187 355 2230; x_wconf 90' lang='lat' dir='ltr'>vero</span> <span class='ocrx_word' id='word_1_141' title='bbox 379 2162 635 2229; x_wconf 84' lang='lat' dir='ltr'>administrantis</span> <span class='ocrx_word' id='word_1_142' title='bbox 659 2161 765 2228; x_wconf 88' lang='lat' dir='ltr'>officio</span> <span class='ocrx_word' id='word_1_143' title='bbox 788 2162 947 2228; x_wconf 89' lang='lat' dir='ltr'>incumbit</span> <span class='ocrx_word' id='word_1_144' title='bbox 973 2162 1113 2228; x_wconf 76' lang='lat' dir='ltr'>rationes</span> <span class='ocrx_word' id='word_1_145' title='bbox 1135 2171 1226 2227; x_wconf 82' lang='lat' dir='ltr'>ectus</span> <span class='ocrx_word' id='word_1_146' title='bbox 1250 2163 1304 2227; x_wconf 89' lang='lat' dir='ltr'>sui</span> <span class='ocrx_word' id='word_1_147' title='bbox 1329 2184 1403 2228; x_wconf 92' lang='lat' dir='ltr'>oon-</span> 
     </span>
     <span class='ocr_line' id='line_1_18' title="bbox 165 2265 1403 2355; baseline -0.002 -23"><span class='ocrx_word' id='word_1_148' title='bbox 165 2269 264 2351; x_wconf 80' lang='lat' dir='ltr'>ficere,</span> <span class='ocrx_word' id='word_1_149' title='bbox 287 2269 381 2355; x_wconf 92' lang='lat' dir='ltr'>eique</span> <span class='ocrx_word' id='word_1_150' title='bbox 402 2265 533 2332; x_wconf 87' lang='lat' dir='ltr'>reddere</span> <span class='ocrx_word' id='word_1_151' title='bbox 553 2267 645 2331; x_wconf 88' lang='lat' dir='ltr'>cuius</span> <span class='ocrx_word' id='word_1_152' title='bbox 665 2288 716 2331; x_wconf 81' lang='lat' dir='ltr'>res</span> <span class='ocrx_word' id='word_1_153' title='bbox 736 2276 826 2354; x_wconf 85' lang='lat' dir='ltr'>gesta</span> <span class='ocrx_word' id='word_1_154' title='bbox 846 2266 934 2350; x_wconf 79' lang='lat' dir='ltr'>fuit-,²</span> <span class='ocrx_word' id='word_1_155' title='bbox 946 2267 1019 2331; x_wconf 92' lang='lat' dir='ltr'>ideo</span> <span class='ocrx_word' id='word_1_156' title='bbox 1041 2266 1198 2352; x_wconf 69' lang='lat' dir='ltr'>parochus</span> <span class='ocrx_word' id='word_1_157' title='bbox 1214 2266 1269 2332; x_wconf 89' lang='lat' dir='ltr'>vel</span> <span class='ocrx_word' id='word_1_158' title='bbox 1292 2265 1403 2331; x_wconf 82' lang='lat' dir='ltr'>Eccle-</span> 
     </span>
     <span class='ocr_line' id='line_1_19' title="bbox 164 2368 1401 2458; baseline -0.004 -21"><span class='ocrx_word' id='word_1_159' title='bbox 164 2373 228 2437; x_wconf 79' lang='lat' dir='ltr'>siae</span> <span class='ocrx_word' id='word_1_160' title='bbox 250 2371 369 2437; x_wconf 89' lang='lat' dir='ltr'>Rector</span> <span class='ocrx_word' id='word_1_161' title='bbox 390 2371 493 2436; x_wconf 85' lang='lat' dir='ltr'>facere</span> <span class='ocrx_word' id='word_1_162' title='bbox 515 2394 582 2436; x_wconf 92' lang='lat' dir='ltr'>non</span> <span class='ocrx_word' id='word_1_163' title='bbox 604 2379 710 2457; x_wconf 84' lang='lat' dir='ltr'>potest</span> <span class='ocrx_word' id='word_1_164' title='bbox 731 2372 812 2458; x_wconf 87' lang='lat' dir='ltr'>quin</span> <span class='ocrx_word' id='word_1_165' title='bbox 834 2371 973 2436; x_wconf 88' lang='lat' dir='ltr'>rationes</span> <span class='ocrx_word' id='word_1_166' title='bbox 996 2370 1109 2435; x_wconf 84' lang='lat' dir='ltr'>reddat</span> <span class='ocrx_word' id='word_1_167' title='bbox 1130 2368 1308 2436; x_wconf 77' lang='lat' dir='ltr'>Ordinatio</span> <span class='ocrx_word' id='word_1_168' title='bbox 1331 2369 1401 2451; x_wconf 90' lang='lat' dir='ltr'>loci,</span> 
     </span>
     <span class='ocr_line' id='line_1_20' title="bbox 163 2472 1402 2561; baseline -0.002 -21"><span class='ocrx_word' id='word_1_169' title='bbox 163 2477 254 2541; x_wconf 90' lang='lat' dir='ltr'>cuius</span> <span class='ocrx_word' id='word_1_170' title='bbox 274 2484 323 2540; x_wconf 87' lang='lat' dir='ltr'>est</span> <span class='ocrx_word' id='word_1_171' title='bbox 343 2475 521 2541; x_wconf 87' lang='lat' dir='ltr'>iurisdictio</span> <span class='ocrx_word' id='word_1_172' title='bbox 535 2484 568 2540; x_wconf 87' lang='lat' dir='ltr'>et</span> <span class='ocrx_word' id='word_1_173' title='bbox 580 2497 691 2539; x_wconf 88' lang='lat' dir='ltr'>causae</span> <span class='ocrx_word' id='word_1_174' title='bbox 710 2475 783 2561; x_wconf 87' lang='lat' dir='ltr'>piae</span> <span class='ocrx_word' id='word_1_175' title='bbox 804 2473 928 2542; x_wconf 69' lang='lat' dir='ltr'>tutela.⁸</span> <span class='ocrx_word' id='word_1_176' title='bbox 970 2476 1019 2540; x_wconf 87' lang='grc' dir='ltr'>Αι</span> <span class='ocrx_word' id='word_1_177' title='bbox 1040 2474 1215 2557; x_wconf 88' lang='lat' dir='ltr'>missiones,</span> <span class='ocrx_word' id='word_1_178' title='bbox 1229 2472 1273 2539; x_wconf 92' lang='lat' dir='ltr'>de</span> <span class='ocrx_word' id='word_1_179' title='bbox 1285 2473 1402 2560; x_wconf 88' lang='lat' dir='ltr'>quibus</span> 
     </span>
     <span class='ocr_line' id='line_1_21' title="bbox 163 2576 1401 2668; baseline -0.001 -24"><span class='ocrx_word' id='word_1_180' title='bbox 163 2580 251 2668; x_wconf 89' lang='lat' dir='ltr'>apud</span> <span class='ocrx_word' id='word_1_181' title='bbox 265 2579 299 2645; x_wconf 90' lang='lat' dir='ltr'>N</span> <span class='ocrx_word' id='word_1_182' title='bbox 300 2603 336 2645; x_wconf 89' lang='lat' dir='ltr'>os</span> <span class='ocrx_word' id='word_1_183' title='bbox 349 2590 456 2645; x_wconf 86' lang='lat' dir='ltr'>ectum</span> <span class='ocrx_word' id='word_1_184' title='bbox 478 2579 553 2661; x_wconf 83' lang='lat' dir='ltr'>fuit,</span> <span class='ocrx_word' id='word_1_185' title='bbox 568 2578 664 2665; x_wconf 91' lang='lat' dir='ltr'>pleno</span> <span class='ocrx_word' id='word_1_186' title='bbox 679 2578 749 2643; x_wconf 92' lang='lat' dir='ltr'>iure</span> <span class='ocrx_word' id='word_1_187' title='bbox 762 2578 804 2644; x_wconf 91' lang='lat' dir='ltr'>ad</span> <span class='ocrx_word' id='word_1_188' title='bbox 819 2578 1016 2666; x_wconf 70' lang='lat' dir='ltr'>Episcopum</span> <span class='ocrx_word' id='word_1_189' title='bbox 1031 2577 1194 2665; x_wconf 85' lang='lat' dir='ltr'>pertinent</span> <span class='ocrx_word' id='word_1_190' title='bbox 1202 2602 1213 2660; x_wconf 84' lang='lat'>3</span> <span class='ocrx_word' id='word_1_191' title='bbox 1234 2576 1314 2643; x_wconf 90' lang='lat' dir='ltr'>huie</span> <span class='ocrx_word' id='word_1_192' title='bbox 1325 2600 1401 2665; x_wconf 83' lang='lat' dir='ltr'>ergo</span> 
     </span>
     <span class='ocr_line' id='line_1_22' title="bbox 163 2681 1399 2770; baseline -0.001 -23"><span class='ocrx_word' id='word_1_193' title='bbox 163 2685 316 2770; x_wconf 82' lang='lat' dir='ltr'>cuiusque</span> <span class='ocrx_word' id='word_1_194' title='bbox 329 2683 501 2750; x_wconf 87' lang='lat' dir='ltr'>oblationis</span> <span class='ocrx_word' id='word_1_195' title='bbox 521 2706 631 2748; x_wconf 85' lang='lat' dir='ltr'>earum</span> <span class='ocrx_word' id='word_1_196' title='bbox 646 2682 766 2747; x_wconf 89' lang='lat' dir='ltr'>intuitu</span> <span class='ocrx_word' id='word_1_197' title='bbox 781 2682 928 2748; x_wconf 89' lang='lat' dir='ltr'>collectae</span> <span class='ocrx_word' id='word_1_198' title='bbox 941 2683 1079 2747; x_wconf 86' lang='lat' dir='ltr'>rationes</span> <span class='ocrx_word' id='word_1_199' title='bbox 1093 2691 1219 2768; x_wconf 88' lang='lat' dir='ltr'>oportet</span> <span class='ocrx_word' id='word_1_200' title='bbox 1238 2681 1399 2747; x_wconf 86' lang='lat' dir='ltr'>exhibere.</span> 
     </span>
     <span class='ocr_line' id='line_1_23' title="bbox 164 2785 1400 2874; baseline -0.002 -22"><span class='ocrx_word' id='word_1_201' title='bbox 164 2789 277 2874; x_wconf 81' lang='lat' dir='ltr'>Neque</span> <span class='ocrx_word' id='word_1_202' title='bbox 291 2788 368 2852; x_wconf 85' lang='lat' dir='ltr'>bace</span> <span class='ocrx_word' id='word_1_203' title='bbox 388 2811 429 2852; x_wconf 83' lang='lat' dir='ltr'>cx</span> <span class='ocrx_word' id='word_1_204' title='bbox 448 2810 486 2852; x_wconf 90' lang='lat' dir='ltr'>eo</span> <span class='ocrx_word' id='word_1_205' title='bbox 506 2787 721 2869; x_wconf 85' lang='lat' dir='ltr'>infirmantur,</span> <span class='ocrx_word' id='word_1_206' title='bbox 737 2785 823 2874; x_wconf 92' lang='lat' dir='ltr'>quod</span> <span class='ocrx_word' id='word_1_207' title='bbox 840 2787 992 2853; x_wconf 83' lang='lat' dir='ltr'>Urbanus</span> <span class='ocrx_word' id='word_1_208' title='bbox 1008 2786 1059 2852; x_wconf 89' lang='grc' dir='ltr'>ΙΙ.</span> <span class='ocrx_word' id='word_1_209' title='bbox 1079 2786 1114 2851; x_wconf 92' lang='lat' dir='ltr'>iu</span> <span class='ocrx_word' id='word_1_210' title='bbox 1129 2785 1277 2852; x_wconf 82' lang='lat' dir='ltr'>Concilio</span> <span class='ocrx_word' id='word_1_211' title='bbox 1291 2785 1400 2851; x_wconf 88' lang='lat' dir='ltr'>Claro-</span> 
     </span>
     <span class='ocr_line' id='line_1_24' title="bbox 163 2888 1399 2977; baseline -0.002 -22"><span class='ocrx_word' id='word_1_212' title='bbox 163 2902 325 2975; x_wconf 85' lang='lat' dir='ltr'>montano,</span> <span class='ocrx_word' id='word_1_213' title='bbox 350 2891 472 2977; x_wconf 87' lang='lat' dir='ltr'>aliique</span> <span class='ocrx_word' id='word_1_214' title='bbox 500 2899 574 2977; x_wconf 87' lang='lat' dir='ltr'>post</span> <span class='ocrx_word' id='word_1_215' title='bbox 601 2913 674 2954; x_wconf 82' lang='lat' dir='ltr'>euru</span> <span class='ocrx_word' id='word_1_216' title='bbox 701 2890 841 2955; x_wconf 88' lang='lat' dir='ltr'>Romani</span> <span class='ocrx_word' id='word_1_217' title='bbox 867 2891 1037 2956; x_wconf 87' lang='lat' dir='ltr'>Pontifices</span> <span class='ocrx_word' id='word_1_218' title='bbox 1066 2888 1297 2954; x_wconf 76' lang='lat' dir='ltr'>decreverunt*</span> <span class='ocrx_word' id='word_1_219' title='bbox 1320 2890 1399 2954; x_wconf 77' lang='lat' dir='ltr'>circi</span> 
     </span>
     <span class='ocr_line' id='line_1_25' title="bbox 164 2992 1397 3081; baseline -0.003 -21"><span class='ocrx_word' id='word_1_220' title='bbox 164 2995 321 3060; x_wconf 78' lang='lat' dir='ltr'>Ecclesiae</span> <span class='ocrx_word' id='word_1_221' title='bbox 343 2994 548 3081; x_wconf 64' lang='lat' dir='ltr'>parochiales,</span> <span class='ocrx_word' id='word_1_222' title='bbox 572 2994 677 3080; x_wconf 84' lang='lat' dir='ltr'>quoad</span> <span class='ocrx_word' id='word_1_223' title='bbox 704 2995 892 3081; x_wconf 86' lang='lat' dir='ltr'>temporalia</span> <span class='ocrx_word' id='word_1_224' title='bbox 914 2994 1119 3060; x_wconf 83' lang='lat' dir='ltr'>Mormsteriis</span> <span class='ocrx_word' id='word_1_225' title='bbox 1143 2994 1277 3075; x_wconf 81' lang='lat' dir='ltr'>iunctas,</span> <span class='ocrx_word' id='word_1_226' title='bbox 1301 2992 1397 3059; x_wconf 86' lang='lat' dir='ltr'>teneri</span> 
     </span>
     <span class='ocr_line' id='line_1_26' title="bbox 163 3097 1398 3184; baseline -0.004 -18"><span class='ocrx_word' id='word_1_227' title='bbox 163 3099 299 3166; x_wconf 82' lang='lat' dir='ltr'>vicarios</span> <span class='ocrx_word' id='word_1_228' title='bbox 319 3098 508 3184; x_wconf 77' lang='lat' dir='ltr'>respondere</span> <span class='ocrx_word' id='word_1_229' title='bbox 530 3098 699 3183; x_wconf 83' lang='lat' dir='ltr'>Episcopis</span> <span class='ocrx_word' id='word_1_230' title='bbox 720 3097 761 3162; x_wconf 92' lang='lat' dir='ltr'>de</span> <span class='ocrx_word' id='word_1_231' title='bbox 776 3099 878 3184; x_wconf 80' lang='lat' dir='ltr'>plebis</span> <span class='ocrx_word' id='word_1_232' title='bbox 898 3122 987 3181; x_wconf 72' lang='lat' dir='ltr'>citro,</span> <span class='ocrx_word' id='word_1_233' title='bbox 1009 3098 1049 3163; x_wconf 90' lang='lat' dir='ltr'>de</span> <span class='ocrx_word' id='word_1_234' title='bbox 1071 3098 1303 3184; x_wconf 78' lang='lat' dir='ltr'>temporalibus</span> <span class='ocrx_word' id='word_1_235' title='bbox 1324 3119 1398 3162; x_wconf 90' lang='lat' dir='ltr'>vcro</span> 
     </span>
     <span class='ocr_line' id='line_1_27' title="bbox 162 3201 1396 3288; baseline -0.002 -22"><span class='ocrx_word' id='word_1_236' title='bbox 162 3225 227 3267; x_wconf 92' lang='lat' dir='ltr'>non</span> <span class='ocrx_word' id='word_1_237' title='bbox 249 3203 304 3285; x_wconf 79' lang='lat' dir='ltr'>itu,</span> <span class='ocrx_word' id='word_1_238' title='bbox 319 3225 392 3266; x_wconf 88' lang='lat' dir='ltr'>cum</span> <span class='ocrx_word' id='word_1_239' title='bbox 415 3202 606 3266; x_wconf 86' lang='lat' dir='ltr'>monasterio</span> <span class='ocrx_word' id='word_1_240' title='bbox 627 3224 685 3266; x_wconf 91' lang='lat' dir='ltr'>suo</span> <span class='ocrx_word' id='word_1_241' title='bbox 706 3203 772 3266; x_wconf 88' lang='lat' dir='ltr'>sint</span> <span class='ocrx_word' id='word_1_242' title='bbox 794 3202 925 3267; x_wconf 91' lang='lat' dir='ltr'>obnoxii</span> <span class='ocrx_word' id='word_1_243' title='bbox 936 3229 945 3284; x_wconf 88' lang='lat'>;</span> <span class='ocrx_word' id='word_1_244' title='bbox 967 3202 1125 3288; x_wconf 90' lang='lat' dir='ltr'>siquidem</span> <span class='ocrx_word' id='word_1_245' title='bbox 1146 3202 1284 3287; x_wconf 80' lang='lat' dir='ltr'>seposita</span> <span class='ocrx_word' id='word_1_246' title='bbox 1304 3201 1396 3265; x_wconf 88' lang='lat' dir='ltr'>etiarn</span> 
     </span>
     <span class='ocr_line' id='line_1_28' title="bbox 162 3304 1396 3391; baseline -0.005 -20"><span class='ocrx_word' id='word_1_247' title='bbox 162 3307 286 3372; x_wconf 84' lang='lat' dir='ltr'>ratione</span> <span class='ocrx_word' id='word_1_248' title='bbox 306 3307 458 3371; x_wconf 82' lang='lat' dir='ltr'>historica</span> <span class='ocrx_word' id='word_1_249' title='bbox 472 3305 558 3370; x_wconf 86' lang='lat' dir='ltr'>uude</span> <span class='ocrx_word' id='word_1_250' title='bbox 572 3328 609 3370; x_wconf 89' lang='lat' dir='ltr'>ca</span> <span class='ocrx_word' id='word_1_251' title='bbox 622 3304 764 3391; x_wconf 82' lang='lat' dir='ltr'>prosecta</span> <span class='ocrx_word' id='word_1_252' title='bbox 784 3314 832 3371; x_wconf 85' lang='lat' dir='ltr'>est</span> <span class='ocrx_word' id='word_1_253' title='bbox 853 3304 1275 3391; x_wconf 80' lang='lat' dir='ltr'>iu1·isdispositio,⁵eertum</span> <span class='ocrx_word' id='word_1_254' title='bbox 1289 3304 1396 3390; x_wconf 87' lang='lat' dir='ltr'>explo-</span> 
     </span>
     <span class='ocr_line' id='line_1_29' title="bbox 162 3409 1395 3497; baseline -0.004 -23"><span class='ocrx_word' id='word_1_255' title='bbox 162 3421 332 3497; x_wconf 84' lang='lat' dir='ltr'>ratumque</span> <span class='ocrx_word' id='word_1_256' title='bbox 352 3420 400 3475; x_wconf 85' lang='lat' dir='ltr'>est</span> <span class='ocrx_word' id='word_1_257' title='bbox 422 3411 455 3474; x_wconf 90' lang='lat' dir='ltr'>iu</span> <span class='ocrx_word' id='word_1_258' title='bbox 478 3409 518 3474; x_wconf 90' lang='lat' dir='ltr'>iis</span> <span class='ocrx_word' id='word_1_259' title='bbox 539 3409 711 3494; x_wconf 85' lang='lat' dir='ltr'>pontificiis</span> <span class='ocrx_word' id='word_1_260' title='bbox 734 3409 868 3475; x_wconf 82' lang='lat' dir='ltr'>decretis</span> <span class='ocrx_word' id='word_1_261' title='bbox 888 3434 926 3475; x_wconf 88' lang='lat' dir='ltr'>ac</span> <span class='ocrx_word' id='word_1_262' title='bbox 948 3410 1062 3474; x_wconf 85' lang='lat' dir='ltr'>litteris</span> <span class='ocrx_word' id='word_1_263' title='bbox 1083 3409 1300 3495; x_wconf 85' lang='lat' dir='ltr'>appellatione</span> <span class='ocrx_word' id='word_1_264' title='bbox 1320 3419 1395 3473; x_wconf 90' lang='lat' dir='ltr'>tcm-</span> 
     </span>
     <span class='ocr_line' id='line_1_30' title="bbox 163 3512 1394 3601; baseline -0.003 -24"><span class='ocrx_word' id='word_1_265' title='bbox 163 3515 331 3601; x_wconf 83' lang='lat' dir='ltr'>poralium,</span> <span class='ocrx_word' id='word_1_266' title='bbox 359 3515 501 3578; x_wconf 85' lang='lat' dir='ltr'>beneficii</span> <span class='ocrx_word' id='word_1_267' title='bbox 531 3513 655 3577; x_wconf 86' lang='lat' dir='ltr'>fructus</span> <span class='ocrx_word' id='word_1_268' title='bbox 679 3520 711 3576; x_wconf 87' lang='lat' dir='ltr'>et</span> <span class='ocrx_word' id='word_1_269' title='bbox 736 3536 817 3601; x_wconf 83' lang='lat' dir='ltr'>quae</span> <span class='ocrx_word' id='word_1_270' title='bbox 843 3514 1019 3579; x_wconf 85' lang='lat' dir='ltr'>beneficiati</span> <span class='ocrx_word' id='word_1_271' title='bbox 1048 3535 1200 3600; x_wconf 74' lang='lat' dir='ltr'>personae</span> <span class='ocrx_word' id='word_1_272' title='bbox 1227 3512 1394 3576; x_wconf 81' lang='lat' dir='ltr'>adhaerent</span> 
     </span>
     <span class='ocr_line' id='line_1_31' title="bbox 162 3616 553 3704; baseline -0.003 -21"><span class='ocrx_word' id='word_1_273' title='bbox 162 3619 350 3704; x_wconf 75' lang='lat' dir='ltr'>compendia</span> <span class='ocrx_word' id='word_1_274' title='bbox 371 3616 553 3704; x_wconf 84' lang='lat' dir='ltr'>significari.</span> 
     </span>
    </p>
   </div>
   <div class='ocr_carea' id='block_1_4' title="bbox 161 3819 1396 4641">
    <p class='ocr_par' dir='ltr' id='par_1_5' title="bbox 165 3819 1394 3971">
     <span class='ocr_line' id='line_1_32' title="bbox 197 3819 1394 3891; baseline -0.003 -18"><span class='ocrx_word' id='word_1_275' title='bbox 197 3822 331 3890; x_wconf 80' lang='lat' dir='ltr'>¹Fagnan.</span> <span class='ocrx_word' id='word_1_276' title='bbox 348 3823 377 3875; x_wconf 92' lang='lat' dir='ltr'>in</span> <span class='ocrx_word' id='word_1_277' title='bbox 394 3840 450 3889; x_wconf 89' lang='lat' dir='ltr'>cup.</span> <span class='ocrx_word' id='word_1_278' title='bbox 462 3823 605 3887; x_wconf 77' lang='lat' dir='ltr'>Pastorulis,</span> <span class='ocrx_word' id='word_1_279' title='bbox 618 3823 649 3872; x_wconf 85' lang='lat' dir='ltr'>de</span> <span class='ocrx_word' id='word_1_280' title='bbox 664 3822 703 3873; x_wconf 75' lang='lat' dir='ltr'>iis</span> <span class='ocrx_word' id='word_1_281' title='bbox 718 3840 780 3891; x_wconf 79' lang='lat' dir='ltr'>qaue</span> <span class='ocrx_word' id='word_1_282' title='bbox 789 3824 855 3890; x_wconf 81' lang='lat' dir='ltr'>finnt</span> <span class='ocrx_word' id='word_1_283' title='bbox 871 3842 888 3876; x_wconf 86' lang='grc' dir='ltr'><em>α</em></span> <span class='ocrx_word' id='word_1_284' title='bbox 899 3824 1029 3890; x_wconf 68' lang='lat' dir='ltr'>I&#39;raelntis,</span> <span class='ocrx_word' id='word_1_285' title='bbox 1040 3841 1066 3875; x_wconf 90' lang='grc' dir='ltr'>ιι.</span> <span class='ocrx_word' id='word_1_286' title='bbox 1078 3819 1221 3874; x_wconf 81' lang='lat' dir='ltr'>29-Card.</span> <span class='ocrx_word' id='word_1_287' title='bbox 1232 3820 1266 3871; x_wconf 91' lang='lat' dir='ltr'>dc</span> <span class='ocrx_word' id='word_1_288' title='bbox 1284 3821 1355 3871; x_wconf 82' lang='lat' dir='ltr'>Luca</span> <span class='ocrx_word' id='word_1_289' title='bbox 1370 3822 1394 3869; x_wconf 82' lang='lat' dir='ltr'>io</span> 
     </span>
     <span class='ocr_line' id='line_1_33' title="bbox 165 3904 1152 3971; baseline -0.004 -11"><span class='ocrx_word' id='word_1_290' title='bbox 165 3906 235 3960; x_wconf 67' lang='lat' dir='ltr'>Cena.</span> <span class='ocrx_word' id='word_1_291' title='bbox 251 3907 321 3958; x_wconf 81' lang='lat' dir='ltr'>Trid.</span> <span class='ocrx_word' id='word_1_292' title='bbox 333 3906 440 3957; x_wconf 83' lang='lat' dir='ltr'>discurs.</span> <span class='ocrx_word' id='word_1_293' title='bbox 450 3906 493 3970; x_wconf 73' lang='lat' dir='ltr'>is,</span> <span class='ocrx_word' id='word_1_294' title='bbox 505 3923 531 3956; x_wconf 88' lang='lat' dir='ltr'>n.</span> <span class='ocrx_word' id='word_1_295' title='bbox 542 3904 729 3956; x_wconf 78' lang='lat' dir='ltr'>5-Reiilcnst.</span> <span class='ocrx_word' id='word_1_296' title='bbox 740 3905 801 3957; x_wconf 90' lang='lat' dir='ltr'>Lib.</span> <span class='ocrx_word' id='word_1_297' title='bbox 813 3908 829 3955; x_wconf 91' lang='lat'><strong>3</strong></span> <span class='ocrx_word' id='word_1_298' title='bbox 841 3907 936 3958; x_wconf 80' lang='lat' dir='ltr'>Ilccrct.</span> <span class='ocrx_word' id='word_1_299' title='bbox 949 3907 990 3958; x_wconf 86' lang='lat' dir='ltr'>tit.</span> <span class='ocrx_word' id='word_1_300' title='bbox 1003 3908 1044 3971; x_wconf 81' lang='lat'>30,</span> <span class='ocrx_word' id='word_1_301' title='bbox 1055 3924 1082 3957; x_wconf 90' lang='lat' dir='ltr'>n.</span> <span class='ocrx_word' id='word_1_302' title='bbox 1094 3906 1152 3957; x_wconf 79' lang='lat'><strong>193.</strong></span> 
     </span>
    </p>

    <p class='ocr_par' dir='ltr' id='par_1_6' title="bbox 165 3986 1394 4137">
     <span class='ocr_line' id='line_1_34' title="bbox 195 3986 1394 4055; baseline -0.003 -16"><span class='ocrx_word' id='word_1_303' title='bbox 195 3988 244 4040; x_wconf 64' lang='lat'>²12.</span> <span class='ocrx_word' id='word_1_304' title='bbox 258 3990 271 4039; x_wconf 97' lang='lat'>1</span> <span class='ocrx_word' id='word_1_305' title='bbox 286 3989 298 4052; x_wconf 66' lang='grc' dir='ltr'>Ξ</span> <span class='ocrx_word' id='word_1_306' title='bbox 311 3991 384 4055; x_wconf 76' lang='lat' dir='ltr'>officio</span> <span class='ocrx_word' id='word_1_307' title='bbox 395 3989 421 4040; x_wconf 81' lang='lat' dir='ltr'>ff.</span> <span class='ocrx_word' id='word_1_308' title='bbox 433 3990 463 4039; x_wconf 83' lang='lat' dir='ltr'>(lc</span> <span class='ocrx_word' id='word_1_309' title='bbox 474 3989 559 4039; x_wconf 77' lang='lat' dir='ltr'>tutelae</span> <span class='ocrx_word' id='word_1_310' title='bbox 569 3994 591 4037; x_wconf 86' lang='lat' dir='ltr'>et</span> <span class='ocrx_word' id='word_1_311' title='bbox 601 3994 647 4038; x_wconf 84' lang='lat' dir='ltr'>rut.</span> <span class='ocrx_word' id='word_1_312' title='bbox 658 3987 793 4040; x_wconf 68' lang='lat' dir='ltr'>dica-L.</span> <span class='ocrx_word' id='word_1_313' title='bbox 805 3991 821 4039; x_wconf 83' lang='lat'><strong>2</strong></span> <span class='ocrx_word' id='word_1_314' title='bbox 834 3988 846 4050; x_wconf 64' lang='grc' dir='ltr'>ι</span> <span class='ocrx_word' id='word_1_315' title='bbox 859 3998 881 4040; x_wconf 83' lang='grc' dir='ltr'>ιι</span> <span class='ocrx_word' id='word_1_316' title='bbox 891 4007 949 4040; x_wconf 72' lang='lat' dir='ltr'>sciam</span> <span class='ocrx_word' id='word_1_317' title='bbox 965 3989 992 4040; x_wconf 86' lang='lat' dir='ltr'>ll.</span> <span class='ocrx_word' id='word_1_318' title='bbox 1003 3990 1033 4039; x_wconf 82' lang='lat' dir='ltr'>de</span> <span class='ocrx_word' id='word_1_319' title='bbox 1043 3995 1119 4055; x_wconf 76' lang='lat' dir='ltr'>nepot.</span> <span class='ocrx_word' id='word_1_320' title='bbox 1129 3996 1187 4054; x_wconf 73' lang='lat' dir='ltr'>pest</span> <span class='ocrx_word' id='word_1_321' title='bbox 1200 3987 1230 4038; x_wconf 92' lang='lat' dir='ltr'>L.</span> <span class='ocrx_word' id='word_1_322' title='bbox 1245 3987 1355 4039; x_wconf 69' lang='lat' dir='ltr'>(ierator.</span> <span class='ocrx_word' id='word_1_323' title='bbox 1366 3986 1394 4037; x_wconf 90' lang='lat' dir='ltr'>L.</span> 
     </span>
     <span class='ocr_line' id='line_1_35' title="bbox 165 4071 517 4137; baseline 0 -15"><span class='ocrx_word' id='word_1_324' title='bbox 165 4071 246 4124; x_wconf 76' lang='lat' dir='ltr'>Tutor.</span> <span class='ocrx_word' id='word_1_325' title='bbox 259 4071 320 4123; x_wconf 77' lang='lat' dir='ltr'>Coel.</span> <span class='ocrx_word' id='word_1_326' title='bbox 334 4073 363 4121; x_wconf 80' lang='lat' dir='ltr'>(lc</span> <span class='ocrx_word' id='word_1_327' title='bbox 373 4080 450 4135; x_wconf 68' lang='lat' dir='ltr'>ratpot.</span> <span class='ocrx_word' id='word_1_328' title='bbox 460 4081 517 4137; x_wconf 70' lang='lat' dir='ltr'>psal.</span> 
     </span>
    </p>

    <p class='ocr_par' dir='ltr' id='par_1_7' title="bbox 162 4151 1394 4290">
     <span class='ocr_line' id='line_1_36' title="bbox 195 4151 1394 4223; baseline -0.005 -17"><span class='ocrx_word' id='word_1_329' title='bbox 195 4154 268 4206; x_wconf 59' lang='grc' dir='ltr'>3ἓιιιτ.</span> <span class='ocrx_word' id='word_1_330' title='bbox 278 4156 372 4220; x_wconf 84' lang='lat' dir='ltr'>Cougr.</span> <span class='ocrx_word' id='word_1_331' title='bbox 382 4154 496 4205; x_wconf 79' lang='lat' dir='ltr'>Concilii</span> <span class='ocrx_word' id='word_1_332' title='bbox 508 4155 616 4222; x_wconf 71' lang='lat' dir='ltr'>Nullius,</span> <span class='ocrx_word' id='word_1_333' title='bbox 627 4174 672 4208; x_wconf 78' lang='lat' dir='ltr'>sen</span> <span class='ocrx_word' id='word_1_334' title='bbox 683 4157 852 4208; x_wconf 70' lang='lat' dir='ltr'>Nouamuiam</span> <span class='ocrx_word' id='word_1_335' title='bbox 864 4158 957 4207; x_wconf 75' lang='lat' dir='ltr'>iculum</span> <span class='ocrx_word' id='word_1_336' title='bbox 965 4156 1144 4223; x_wconf 75' lang='lat' dir='ltr'>parochialium</span> <span class='ocrx_word' id='word_1_337' title='bbox 1156 4155 1187 4205; x_wconf 74' lang='lat'>27</span> <span class='ocrx_word' id='word_1_338' title='bbox 1202 4155 1277 4204; x_wconf 88' lang='lat' dir='ltr'>Iunii</span> <span class='ocrx_word' id='word_1_339' title='bbox 1290 4155 1352 4204; x_wconf 66' lang='lat'>1744</span> <span class='ocrx_word' id='word_1_340' title='bbox 1364 4151 1394 4202; x_wconf 85' lang='lat' dir='ltr'>ad</span> 
     </span>
     <span class='ocr_line' id='line_1_37' title="bbox 162 4237 303 4290; baseline 0.007 -1"><span class='ocrx_word' id='word_1_341' title='bbox 162 4237 222 4289; x_wconf 90' lang='lat' dir='ltr'>dub.</span> <span class='ocrx_word' id='word_1_342' title='bbox 236 4238 303 4290; x_wconf 84' lang='lat' dir='ltr'>Xll.</span> 
     </span>
    </p>

    <p class='ocr_par' dir='ltr' id='par_1_8' title="bbox 161 4318 1396 4540">
     <span class='ocr_line' id='line_1_38' title="bbox 194 4318 1393 4390; baseline -0.002 -19"><span class='ocrx_word' id='word_1_343' title='bbox 194 4321 309 4372; x_wconf 77' lang='lat' dir='ltr'>⁴Lucius</span> <span class='ocrx_word' id='word_1_344' title='bbox 327 4322 365 4373; x_wconf 92' lang='lat' dir='ltr'>ll.</span> <span class='ocrx_word' id='word_1_345' title='bbox 382 4323 417 4372; x_wconf 86' lang='lat' dir='ltr'>ad</span> <span class='ocrx_word' id='word_1_346' title='bbox 433 4322 546 4373; x_wconf 78' lang='lat' dir='ltr'>Priorem</span> <span class='ocrx_word' id='word_1_347' title='bbox 562 4324 589 4374; x_wconf 75' lang='lat' dir='ltr'>S.</span> <span class='ocrx_word' id='word_1_348' title='bbox 606 4323 737 4374; x_wconf 83' lang='lat' dir='ltr'>Poucrotii</span> <span class='ocrx_word' id='word_1_349' title='bbox 753 4326 781 4374; x_wconf 83' lang='lat' dir='ltr'>in</span> <span class='ocrx_word' id='word_1_350' title='bbox 799 4322 902 4390; x_wconf 67' lang='lat' dir='ltr'>Augila,</span> <span class='ocrx_word' id='word_1_351' title='bbox 921 4323 1076 4374; x_wconf 82' lang='lat' dir='ltr'>Alexander</span> <span class='ocrx_word' id='word_1_352' title='bbox 1097 4322 1150 4372; x_wconf 88' lang='lat' dir='ltr'>lll.</span> <span class='ocrx_word' id='word_1_353' title='bbox 1168 4322 1203 4372; x_wconf 83' lang='lat' dir='ltr'>ad</span> <span class='ocrx_word' id='word_1_354' title='bbox 1220 4321 1355 4372; x_wconf 63' lang='lat' dir='ltr'>dionesie.</span> <span class='ocrx_word' id='word_1_355' title='bbox 1368 4318 1393 4369; x_wconf 85' lang='lat' dir='ltr'>S.</span> 
     </span>
     <span class='ocr_line' id='line_1_39' title="bbox 161 4403 1396 4473; baseline -0.003 -18"><span class='ocrx_word' id='word_1_356' title='bbox 161 4404 295 4472; x_wconf 73' lang='lat' dir='ltr'>Arrurlplii,</span> <span class='ocrx_word' id='word_1_357' title='bbox 309 4406 407 4456; x_wconf 85' lang='lat' dir='ltr'>Lucius</span> <span class='ocrx_word' id='word_1_358' title='bbox 418 4406 472 4456; x_wconf 90' lang='grc' dir='ltr'><strong>ΙΙΙ.</strong></span> <span class='ocrx_word' id='word_1_359' title='bbox 480 4407 515 4455; x_wconf 83' lang='lat' dir='ltr'>ed</span> <span class='ocrx_word' id='word_1_360' title='bbox 525 4406 650 4473; x_wconf 78' lang='lat' dir='ltr'>Superior.</span> <span class='ocrx_word' id='word_1_361' title='bbox 659 4407 848 4469; x_wconf 76' lang='lat' dir='ltr'>Prucmouslret,</span> <span class='ocrx_word' id='word_1_362' title='bbox 861 4415 882 4456; x_wconf 84' lang='lat' dir='ltr'>ct</span> <span class='ocrx_word' id='word_1_363' title='bbox 894 4408 928 4457; x_wconf 84' lang='lat' dir='ltr'>od</span> <span class='ocrx_word' id='word_1_364' title='bbox 938 4406 1101 4456; x_wconf 57' lang='lat' dir='ltr'>zlbbetcbsom.</span> <span class='ocrx_word' id='word_1_365' title='bbox 1110 4404 1137 4456; x_wconf 83' lang='lat' dir='ltr'>S.</span> <span class='ocrx_word' id='word_1_366' title='bbox 1146 4404 1248 4455; x_wconf 73' lang='lat' dir='ltr'>fflorii</span> <span class='ocrx_word' id='word_1_367' title='bbox 1260 4405 1288 4454; x_wconf 88' lang='lat' dir='ltr'>in</span> <span class='ocrx_word' id='word_1_368' title='bbox 1298 4403 1396 4454; x_wconf 78' lang='lat' dir='ltr'>dioecesi</span> 
     </span>
     <span class='ocr_line' id='line_1_40' title="bbox 161 4488 290 4540; baseline 0.016 -2"><span class='ocrx_word' id='word_1_369' title='bbox 161 4488 290 4540; x_wconf 59' lang='lat' dir='ltr'>listriana</span> 
     </span>
    </p>

    <p class='ocr_par' dir='ltr' id='par_1_9' title="bbox 193 4570 895 4641">
     <span class='ocr_line' id='line_1_41' title="bbox 193 4570 895 4641; baseline 0.004 -20"><span class='ocrx_word' id='word_1_370' title='bbox 193 4570 320 4623; x_wconf 65' lang='grc' dir='ltr'>ι(ιοιιιιιι.</span> <span class='ocrx_word' id='word_1_371' title='bbox 332 4573 478 4623; x_wconf 87' lang='lat' dir='ltr'>Comment.</span> <span class='ocrx_word' id='word_1_372' title='bbox 492 4573 519 4623; x_wconf 94' lang='lat' dir='ltr'>in</span> <span class='ocrx_word' id='word_1_373' title='bbox 532 4591 588 4639; x_wconf 90' lang='lat' dir='ltr'>cap.</span> <span class='ocrx_word' id='word_1_374' title='bbox 601 4573 614 4623; x_wconf 92' lang='lat'>1</span> <span class='ocrx_word' id='word_1_375' title='bbox 627 4575 656 4623; x_wconf 77' lang='lat' dir='ltr'>cle</span> <span class='ocrx_word' id='word_1_376' title='bbox 670 4573 767 4641; x_wconf 68' lang='lat' dir='ltr'>Ouppd</span> <span class='ocrx_word' id='word_1_377' title='bbox 780 4574 895 4625; x_wconf 73' lang='lat' dir='ltr'>Monucli.</span> 
     </span>
    </p>
   </div>
   <div class='ocr_carea' id='block_1_5' title="bbox 0 0 1576 5242">
    <p class='ocr_par' dir='ltr' id='par_1_10' title="bbox 0 0 1576 5242">
     <span class='ocr_line' id='line_1_42' title="bbox 0 0 1576 5242; baseline 0 3"><span class='ocrx_word' id='word_1_378' title='bbox 0 0 1576 5242; x_wconf 95' lang='lat' dir='ltr'> </span> 
     </span>
    </p>
   </div>
  </div>
 </body>
</html>
