3142 5242
471 997 810 1103 'strutus
851 997 992 1102 VII.

429 1235 492 1338 De
523 1234 734 1338 Doctrina
765 1219 1032 1385 Christiana

586 1629 615 1703 C
631 1629 803 1703 APUT
840 1630 882 1704 Ι.

397 1795 461 1869 Dre
488 1796 838 1870 Pannnrcnrrours
865 1796 1065 1871 Mourena.

161 1962 248 2036 214.
284 1961 414 2051 Quum
445 1969 649 2060 praecepto
678 1960 812 2035 divino
837 1963 1066 2036 mandatum
1093 1962 1146 2037 sit
1168 1963 1349 2038 omnibus

110 2077 253 2175 quibus
279 2077 499 2151 animarum
526 2101 620 2152 eura
644 2077 851 2152 commissa
875 2085 946 2171 est,
964 2102 1056 2152 oves
1076 2103 1167 2154 suas
1193 2103 1350 2177 pascere
1382 2092 1384 2098 '

111 2193 231 2267 verbo
260 2193 406 2286 divino,
429 2193 573 2291 jubent
602 2193 716 2269 Conc.
745 2193 963 2268 Tridentini
992 2194 1129 2269 Patres
1160 2202 1205 2269 ut
1232 2195 1347 2293 “qui-

109 2334 276 2408 cumque
293 2309 533 2409 parochiales
550 2309 614 2385 vel
638 2310 735 2384 alias
758 2335 891 2385 curam
910 2309 1130 2384 animarum
1148 2310 1347 2403 habenteS,

111 2424 291 2500 ecclesias
308 2451 550 2525 quocumque
574 2427 690 2502 modo
713 2426 901 2518 obtinent,
919 2450 990 2525 per
1012 2451 1053 2502 se
1072 2427 1133 2501 vel
1158 2452 1229 2526 per
1252 2427 1349 2501 alios

110 2539 282 2633 idoneos
300 2541 333 2616 si
352 2541 524 2641 legitime
541 2541 721 2640 impediti
739 2541 893 2635 fuerint,
911 2542 1049 2617 diebus
1066 2543 1206 2617 saltem
1224 2542 1347 2616 domi-

110 2654 208 2732 uicis
228 2665 268 2733 et
287 2658 396 2733 festis
413 2658 664 2751 solemnibus
682 2657 815 2757 plebes
836 2657 911 2733 sibi
933 2657 1170 2752 commissae,
1188 2684 1259 2758 pro
1278 2683 1348 2733 sua

110 2779 151 2849 et
171 2799 306 2848 earum
327 2775 549 2873 capacitate,
571 2780 734 2874 pascant
753 2774 990 2849 salutaribus
1010 2774 1152 2866 verbiS,
1175 2776 1347 2850 docendo

109 2914 156 2964 ea
189 2915 288 2988 quae
322 2890 420 2966 scire
457 2891 638 2966 omnibus
682 2891 941 2966 necessarium
985 2890 1045 2965 est
1083 2892 1133 2965 ad
1168 2891 1347 2973 salutern.

109 3005 457 3105 annunciandoque
478 3007 533 3081 eis
550 3032 638 3082 cum
663 3007 853 3082 brevitate
875 3013 915 3082 et
936 3006 1123 3082 facilitate
1145 3008 1346 3101 sermonis,

108 3122 207 3197 vitia
222 3147 323 3222 quae
339 3148 404 3199 eos
422 3123 616 3209 declinare
639 3132 679 3198 et
695 3123 859 3197 virtutes
878 3148 974 3222 quas
997 3122 1135 3198 sectari
1159 3130 1347 3222 oporteat,

108 3246 153 3313 ut
178 3263 345 3337 poenam
370 3248 568 3315 aeternam
592 3242 757 3314 evadere
780 3245 821 3314 et
842 3240 1044 3314 coelestem
1068 3239 1234 3337 gloriam
1259 3264 1345 3314 con·

107 3355 219 3454 sequi
244 3355 437 3431 valcant.’'
494 3357 607 3455 (Sese.
626 3377 677 3448 u,
695 3357 743 3430 de
763 3356 847 3430 Res.
866 3380 896 3430 c.
916 3357 968 3454 2.)

158 3473 245 3546 215.
272 3471 476 3569 Imprimis
499 3472 735 3547 salutaribus
751 3471 881 3546 verbis
902 3473 1116 3569 pascendae
1139 3478 1232 3547 sunt
1255 3498 1345 3547 oves

107 3587 267 3663 Christi.
319 3587 580 3686 Evangelium
598 3613 690 3686 ergo
707 3587 903 3662 illibatum
922 3587 1129 3684 diligenter
1145 3594 1185 3663 et
1202 3589 1346 3687 absque

107 3704 229 3779 ullius
252 3703 395 3780 erroris
416 3692 639 3803 ¹suspicione
665 3703 910 3779 concionator
933 3728 1039 3778 sacer
1062 3711 1240 3802 exponat.
1295 3705 1347 3779 Et

107 3845 197 3897 cum
221 3821 317 3895 fides
344 3829 478 3896 nostra
504 3846 582 3896 non
608 3821 659 3896 sit
684 3820 727 3896 in
753 3819 944 3918 sapientia
969 3819 1185 3913 hominum,
1210 3823 1279 3897 sed
1304 3821 1346 3895 in

107 3937 255 4012 virtute
273 3936 347 4012 Dei
365 3943 409 4031 (1.
427 3937 514 4013 Cor.
534 3960 580 4013 11.
598 3940 666 4037 5.),
684 3936 881 4012 infallibili
907 3936 1101 4011 Ecclesiae
1122 3936 1345 4035 magisterio

107 4054 231 4129 fretus
247 4053 431 4153 loquatur
446 4061 634 4154 tanquam
653 4054 923 4128 auctoritatem
941 4052 1099 4128 habens.
1148 4054 1345 4128 Fidelium

108 4178 259 4246 mentes
282 4171 530 4269 praemuniat
555 4178 690 4246 contra
711 4169 1081 4245 indifferentismum
1106 4176 1145 4244 et
1167 4169 1345 4244 haereses

108 4287 215 4385 apud
245 4311 316 4361 nos
344 4296 579 4386 grassantes,
606 4295 651 4362 ut
680 4287 877 4362 auditores
908 4285 1036 4386 parati
1066 4285 1146 4361 sint
1175 4286 1345 4361 satisfac·

107 4402 256 4477 tionem
280 4404 374 4478 dare
397 4404 506 4479 omni
529 4402 714 4504 poscenti.
763 4403 1112 4501 (1.Petr.111.15.)
1158 4404 1346 4477 Attamen

108 4519 214 4593 aelus
240 4518 308 4617 qui
335 4528 394 4594 est
419 4521 631 4595 secundum
659 4519 861 4594 scientiam
888 4544 966 4594 non
993 4519 1095 4593 sinet
1125 4527 1169 4594 ut
1197 4520 1346 4594 hetero-

244 4639 285 4702 15
1153 4639 1217 4703 115
