3142 5242
170 442 235 506 224
662 460 908 508 srrsxnrx.

168 614 379 682 Postmodum
394 616 584 682 Tridentina
597 616 747 702 Synodus
770 616 803 680 in
824 616 935 682 eodem
952 638 1066 703 genere
1078 614 1258 704 quidquam
1272 637 1406 703 operum

168 720 236 785 fieri
251 720 417 807 prohibuit
431 724 451 757 “
461 721 529 787 sine
544 721 706 807 Episcopi,
717 721 751 786 in
765 721 856 786 ouius
870 720 1003 786 dioecesi
1016 719 1167 806 erigenda
1179 728 1269 803 sunt,
1278 719 1407 785 lieentia

167 825 258 910 prius
271 823 470 891 obtenta2'’¹
492 848 557 913 quo
578 835 686 890 tamen
701 824 840 891 Consilii
862 825 986 891 decreto
1007 823 1094 889 haud
1115 834 1164 889 est
1183 822 1404 910 superioribus

168 927 293 1014 legibus
307 929 505 1014 derogatum,
520 929 649 996 veniam
663 928 704 994 ab
719 928 907 1015 Apostolion
919 927 1000 994 Sede
1020 927 1185 1014 impetrari
1207 926 1402 993 iubentibus.

167 1032 373 1118 Quapropter
386 1056 460 1098 eum
481 1056 519 1099 ea
540 1033 574 1098 iu
596 1056 631 1099 re
652 1033 783 1098 liberius
802 1033 922 1120 passim
935 1042 1090 1119 ageretur,
1106 1031 1265 1099 Urbanus
1278 1029 1404 1099 VIII.²

166 1157 299 1222 pravam
313 1136 574 1202 consuetudinem
589 1136 824 1221 emendaturus,
838 1160 935 1224 opera
947 1135 1102 1202 eiusmodi
1125 1134 1326 1222 improbavit
1338 1144 1402 1200 tarn

166 1262 247 1327 quae
266 1241 336 1306 sine
350 1241 445 1307 venia
460 1241 624 1328 Episcopi,
638 1264 734 1329 qnam
749 1264 832 1328 qnae
853 1239 922 1306 sola
942 1241 1032 1305 illius
1052 1240 1242 1306 auctoritate
1263 1240 1403 1326 suscipe-

164 1353 285 1427 rentur,
315 1354 346 1409 et
374 1356 519 1410 veterum
547 1368 705 1411 maenum
742 1344 840 1409 simul
870 1344 1070 1431 Conciliique
1097 1343 1282 1410 Tridentini
1319 1343 1403 1431 legoe

164 1448 297 1514 omnino
323 1449 355 1513 in
381 1460 542 1535 posterum
563 1450 686 1515 servari
709 1449 859 1536 decrerit.
903 1448 982 1513 Huc
1004 1450 1100 1514 etiam
1120 1449 1278 1535 spectavit
1301 1447 1403 1513 Inno-

164 1553 286 1617 centius
307 1552 355 1618 X.
372 1554 406 1617 in
429 1553 603 1619 Constitut.
619 1553 854 1619 Irwtaorapdae
876 1552 992 1618 Idibus
1014 1552 1162 1619 Octobris
1184 1570 1325 1634 mucan,
1340 1575 1404 1639 qua

164 1656 324 1742 praecepit
338 1666 375 1721 ut
389 1679 482 1721 nemo
496 1680 536 1721 ex
552 1656 684 1722 familiis
699 1656 899 1743 regularibus
914 1657 1057 1722 “domos
1072 1656 1124 1721 vel
1147 1655 1217 1722 loon
1230 1679 1402 1744 quaecum-

163 1782 226 1846 que
250 1759 291 1824 de
316 1783 403 1826 novo
427 1761 565 1847 recipere
586 1760 638 1826 vel
666 1760 801 1826 fundare
826 1770 1008 1847 praesumat
1032 1760 1150 1847 absque
1176 1760 1270 1826 Sedis
1296 1761 1402 1846 Apos-

163 1863 276 1928 tolirae
297 1863 426 1929 licentia
446 1863 608 1950 speciali.’'
652 1865 763 1945 Quare
784 1864 964 1930 eommunis
986 1864 1079 1930 hodie
1100 1865 1257 1930 sententia
1278 1874 1337 1946 est,
1351 1864 1401 1929 eni

164 1966 252 2034 favet
273 1969 392 2054 passim
413 1991 520 2033 rerum
544 1968 754 2033 iudicatarum
776 1968 956 2052 auctoritas,
971 1992 1036 2033 non
1058 1967 1152 2033 licere
1174 1968 1402 2055 Regularibus,

163 2080 230 2136 tam
252 2071 338 2137 intra
354 2095 453 2159 quam
475 2082 567 2137 extra
582 2072 722 2154 Italiam,
739 2095 824 2139 nova
846 2073 1036 2138 monasteria
1056 2082 1113 2137 aut
1134 2083 1313 2137 conventus
1334 2072 1403 2137 sive

163 2174 297 2262 collegia
311 2175 456 2257 fundare,
470 2175 540 2240 sola
555 2176 707 2263 Episcopi
722 2176 818 2243 venia
831 2176 1010 2261 impetrata,
1024 2175 1080 2241 sed
1100 2175 1261 2241 indultam
1276 2198 1402 2262 qnoque

163 2303 184 2345 a
211 2279 292 2345 Sede
317 2280 503 2367 Apostolim
533 2279 716 2345 facultatem
746 2277 890 2368 requiri.³
932 2279 1054 2345 Iisdem
1084 2280 1232 2345 insistens
1258 2279 1401 2367 vestigiis

162 2406 288 2449 sacrum
314 2384 494 2450 Consilium
520 2383 693 2449 christiano
718 2384 841 2448 nomini
870 2384 1075 2471 propagando
1103 2382 1225 2471 pluries
1249 2384 1400 2466 docrevit,

163 2488 291 2554 veniam
307 2487 511 2574 Apostolioae
532 2487 623 2553 Sedis
642 2496 674 2551 et
689 2487 842 2574 Episcopi
856 2497 913 2553 aut
927 2487 1054 2556 Viourii
1069 2488 1249 2574 Apostolici
1263 2486 1401 2554 eeclesiis

163 2591 369 2679 collegiisque
397 2591 566 2678 erigendis,
592 2591 688 2656 etiam
717 2591 752 2656 in
782 2591 995 2676 missionibus,
1021 2591 1079 2657 ubi
1107 2591 1249 2678 religiosi
1280 2591 1400 2658 sodales

163 2694 275 2760 domos
300 2697 451 2782 salesque
475 2695 623 2777 habeant,
647 2718 712 2760 esse
738 2696 870 2761 omnino
895 2695 1125 2762 necessarinnr.⁴
1168 2695 1235 2761 His
1261 2720 1338 2783 ergo
1361 2696 1400 2761 de

162 2801 264 2865 oausis
292 2799 333 2864 ad
371 2801 570 2886 propositum
600 2799 737 2864 dubium
766 2799 1014 2886 respondemus:
1051 2800 1214 2865 sodalibus
1244 2800 1399 2888 religiosis

163 2927 263 2969 novas
287 2904 350 2969 sibi
375 2903 463 2968 sedes
488 2903 688 2986 constituere,
712 2904 861 2990 erigendo
885 2927 986 2969 novus
1011 2903 1163 2986 aeclesias,
1187 2904 1400 2990 aperiendove

161 3008 321 3091 coenobia,
336 3008 479 3093 collegia,
495 3007 628 3090 scholae,
644 3007 704 3071 nisi
727 3007 857 3073 obtenta
878 3007 969 3093 prins
990 3030 1137 3093 expressa
1159 3006 1288 3073 licentia
1302 3007 1398 3072 Ordi-

162 3111 243 3176 nnrii
260 3111 366 3176 locist
384 3111 475 3176 Sedis
489 3111 704 3197 Apostoliote,
720 3134 784 3175 non
801 3111 903 3177 licere.

207 3215 294 3279 Fieri
323 3215 404 3279 solet
433 3216 544 3301 utique
572 3215 721 3279 subtilior
749 3216 925 3301 inquisitio,
946 3239 988 3280 an
1018 3215 1138 3301 duplex
1168 3238 1205 3280 ea
1233 3217 1331 3281 venia
1357 3215 1398 3280 sit

162 3318 370 3404 impetranda,
386 3323 413 3383 si
437 3342 502 3382 non
523 3341 654 3405 prorsus
675 3341 798 3385 novum
820 3342 900 3405 opus
915 3301 1071 3405 regularis
1085 3319 1212 3384 familia
1226 3319 1395 3401 moliatur3

161 3423 215 3487 sed
238 3446 275 3487 ea
295 3446 377 3509 quae
398 3432 473 3487 sunt
501 3423 647 3487 instituta
667 3423 748 3489 velit
770 3424 803 3486 in
825 3422 906 3488 alios
927 3446 1003 3488 usus
1031 3434 1225 3489 convertere.
1270 3424 1396 3492 Verum

161 3549 263 3613 neque
277 3526 418 3609 obscura,
434 3550 536 3612 neque
555 3549 669 3612 arrreps
688 3528 748 3591 crit
762 3526 871 3590 futura
886 3526 1055 3612 responsio,
1071 3527 1098 3590 si
1113 3527 1231 3609 varios,
1246 3528 1305 3613 qui
1319 3527 1396 3591 acei-

161 3629 234 3693 dcre
249 3639 390 3715 possunt,
406 3652 496 3694 rusus
511 3630 753 3717 distinguamus.
801 3629 903 3694 Initio
917 3629 1002 3695 enim
1023 3629 1095 3717 quis
1108 3629 1191 3695 serio
1204 3629 1342 3713 dubitet,
1356 3653 1396 3695 an

160 3755 198 3797 ea
211 3756 291 3818 quae
305 3733 433 3819 pietatis
446 3733 673 3820 religionisque
686 3757 779 3798 eausa
794 3734 940 3798 instituta
953 3744 1039 3817 sunt,
1051 3733 1142 3797 liceat
1156 3733 1190 3797 in
1206 3756 1284 3798 usus
1294 3759 1314 3800 a
1325 3733 1396 3799 reli·

161 3837 255 3923 gione
276 3845 308 3899 et
327 3836 444 3922 pietate
457 3837 577 3901 alienos
591 3840 797 3902 convertere?
841 3837 953 3901 Restat
968 3838 1074 3924 itaque
1088 3847 1126 3901 ut
1139 3837 1180 3901 de
1194 3837 1299 3902 tribus
1313 3838 1396 3901 lrisoe

161 3940 330 4004 dumtaxat
349 3950 528 4026 quaeratur,
544 3951 654 4004 utrum
676 3963 789 4026 nempe
809 3939 902 4004 liceat
920 3939 1083 4006 dimovere
1096 3940 1137 4005 de
1158 3940 1229 4005 loco
1251 3943 1396 4006 institute

160 4044 288 4130 alioque
302 4045 489 4109 transferre:
512 4053 568 4107 aut
588 4044 756 4108 immutare
772 4044 806 4107 in
821 4066 914 4107 usum
929 4054 1182 4127 cousentaneum,
1198 4045 1306 4130 qualis
1319 4053 1397 4110 esset

196 4196 203 4228 ¹
214 4198 311 4249 (font-il.
325 4197 441 4248 Trident.
455 4214 513 4248 sess
527 4199 558 4248 25
570 4215 626 4263 cap.
638 4199 654 4246 3
666 4199 696 4247 cle
707 4197 824 4264 Repulnr.

195 4278 322 4332 'Constit
334 4281 462 4331 Reimarus
473 4281 585 4345 Pontijer
596 4295 652 4330 x111
665 4281 752 4331 kalen.
765 4281 925 4346 Septembris
938 4283 1010 4332 1624.

195 4362 310 4415 ²licncd.
323 4363 401 4427 XIV,
412 4365 442 4413 de
453 4362 543 4428 Synod.
555 4364 652 4414 dioeces.
662 4363 707 4414 lib.
717 4365 739 4427 9,
749 4381 805 4429 cap.
815 4366 837 4427 1,
847 4381 918 4414 num.
928 4364 1236 4431 9.-Monacellisorm¹d.
1247 4366 1317 4430 tepol.
1329 4371 1393 4431 part.

163 4448 185 4507 1,
199 4446 240 4497 tit.
253 4448 276 4510 d,
290 4448 365 4497 somn.
378 4447 417 4509 19,
431 4462 502 4496 num.
515 4447 555 4497 31.

196 4531 270 4580 *Sne
282 4530 408 4594 Cougrcg.
425 4527 459 4578 dc
476 4528 554 4593 l'rop.
567 4528 633 4579 Fide
650 4531 678 4579 in
696 4530 812 4580 coetibus
829 4530 928 4581 habitis
943 4529 1036 4581 diebus
1052 4533 1085 4581 22
1102 4530 1278 4596 Mart.1oso;
1297 4535 1313 4580 :3
1326 4531 1393 4581 Nor.
1444 4516 1449 4526 ⁸

163 4613 235 4676 1688,
251 4613 322 4677 170-1,
336 4613 416 4677 1:685
435 4613 467 4661 23
479 4613 547 4676 Aug.
562 4613 640 4675 Isim
660 4613 693 4661 30
705 4611 772 4661 blan
786 4614 865 4677 mog
884 4613 1078 4665 171u1111805.
