3142 5242
419 485 566 532 cossa.
594 469 828 531 “nouusos
858 465 1152 531 scammuse?
1339 469 1403 531 229

166 650 262 724 stant,
277 664 333 706 seu
352 641 431 708 alias
449 642 594 728 specifica
612 642 774 707 mentione
792 640 882 729 digni
903 640 942 706 iis
962 664 1027 705 non
1046 640 1270 724 consenserint,
1285 664 1343 706 neo
1363 640 1404 706 ad

167 768 204 811 ea
225 746 330 813 vocati
352 756 385 810 et
405 746 518 828 auditi,
538 768 712 832 causaeque
732 755 864 832 propter
884 768 964 832 quas
989 755 1166 832 praesentes
1187 744 1406 810 emanaverint

166 848 361 915 sufficienter
374 849 538 933 adductae,
552 851 731 917 verificatae
744 860 777 915 et
791 850 978 915 iustificatae
992 872 1056 914 non
1071 850 1201 933 fuerint,
1215 858 1273 915 aut
1285 872 1326 914 ex
1340 849 1405 914 alia

167 954 310 1040 qualibet
330 955 426 1018 etiam
447 955 657 1047 quantumqis
677 953 813 1019 iuridica
836 964 870 1020 et
893 953 1098 1041 privilegiata
1122 976 1225 1037 causa,
1246 953 1352 1018 colore
1373 962 1405 1018 et

167 1060 270 1145 rapite
298 1058 395 1124 etiam
425 1059 460 1123 in
488 1081 618 1144 corpore
645 1057 726 1124 iuris
754 1056 872 1141 clauso,
902 1057 993 1123 nullo
1021 1080 1164 1145 uuquam
1193 1067 1336 1145 tempore
1363 1058 1404 1122 de

165 1162 381 1248 subreptionis
409 1161 464 1229 vel
496 1162 702 1248 obreptionis,
730 1171 788 1227 aut
819 1161 980 1228 nullitatis
1009 1162 1091 1229 vitio
1126 1185 1181 1228 seu
1218 1162 1404 1227 intentionis

167 1266 314 1350 Nostrae,
336 1265 391 1333 vel
415 1267 564 1331 iuteresse
587 1265 775 1331 habentium
799 1288 979 1350 consensus,
1000 1266 1105 1331 aliove
1125 1265 1279 1354 quolibet,
1301 1289 1404 1354 quan-
1452 1341 1458 1351 Ι

165 1371 289 1435 tumvis
303 1394 422 1458 magno
435 1380 468 1435 et
481 1370 693 1454 substantiali,
704 1369 971 1457 individuamque
980 1370 1216 1457 expressionem
1226 1370 1405 1457 requirente

164 1473 293 1540 defectu
314 1475 509 1562 impugnari,
530 1475 677 1560 infringi,
696 1473 869 1558 retractari,
884 1474 919 1539 in
941 1475 1189 1539 controversiam
1210 1474 1328 1558 vocari,
1347 1484 1405 1539 aut

164 1577 208 1644 ad
222 1579 376 1644 terminos
389 1578 471 1644 iuris
489 1578 608 1662 reduci,
621 1600 679 1643 seu
694 1578 847 1643 adversus
866 1578 940 1643 illas
958 1577 1168 1643 restitutionis
1187 1577 1223 1643 in
1241 1578 1403 1665 integrum

166 1682 298 1748 aliudve
318 1683 541 1770 quodcumque
564 1681 645 1747 iuris
668 1681 846 1747 remedium
872 1681 1023 1746 intentari
1044 1681 1098 1748 vel
1127 1682 1292 1768 impetrari
1303 1708 1313 1765 ;
1348 1681 1404 1746 sed

167 1786 252 1874 ipsas
272 1795 450 1873 praesentes
470 1786 610 1852 Litteras
631 1809 755 1872 semper
776 1787 894 1869 firmas,
912 1786 1037 1851 validas
1058 1795 1091 1850 ct
1111 1784 1248 1851 efficaces
1269 1787 1405 1852 existere

165 1900 198 1956 et
212 1891 291 1974 iore,
306 1891 559 1978 quibuscumque
573 1891 654 1955 iuris
672 1913 727 1955 seu
742 1890 818 1954 facti
835 1889 1020 1973 defectibus,
1036 1891 1092 1977 qui
1107 1890 1261 1957 adversus
1274 1890 1348 1955 illas
1361 1889 1404 1955 ad

166 1994 314 2060 eflectum
329 1995 524 2081 impediendi
538 1994 591 2060 vel
610 1993 795 2060 retardandi
814 2017 924 2059 eorum
944 1994 1161 2059 executionem
1176 1995 1293 2081 quovis
1307 1994 1403 2060 modo

166 2099 218 2164 vel
240 2100 356 2187 quavis
374 2098 415 2164 de
433 2122 528 2164 causa
545 2097 665 2184 opponi
684 2106 813 2184 possent
831 2098 965 2163 minime
983 2098 1226 2185 refragantibus,
1241 2121 1316 2164 suos
1334 2099 1404 2186 ple·

167 2203 273 2269 uarios
301 2212 335 2269 et
362 2203 503 2292 integros
527 2203 655 2269 effectus
679 2202 833 2286 obtinere,
857 2225 973 2288 easque
997 2213 1172 2288 propterea,
1197 2203 1348 2267 omnibus
1373 2212 1404 2268 et

166 2307 304 2395 singulis
318 2308 555 2394 impedimentis
570 2308 698 2393 penitus
711 2306 843 2389 reiectis,
857 2306 899 2372 ab
917 2305 984 2370 illis
997 2304 1039 2371 ad
1053 2329 1134 2393 quos
1149 2315 1279 2393 spectat,
1293 2317 1326 2372 et
1344 2330 1404 2393 pro

166 2420 309 2497 tempore
322 2412 586 2497 quandocumque
599 2410 754 2496 spectabit
766 2409 996 2476 inviolabiliter
1009 2410 1150 2493 servari3
1171 2410 1278 2497 sicque
1292 2420 1324 2476 et
1338 2434 1403 2475 non

166 2515 260 2580 aliter
278 2516 314 2580 iu
335 2514 517 2603 praemissis
535 2538 592 2600 per
611 2537 828 2602 quoscumque
845 2513 965 2578 iudices
985 2513 1174 2579 Ordinarios
1193 2523 1225 2580 et
1243 2514 1403 2601 delegatos

167 2619 299 2684 iudicari
323 2641 362 2683 ac
383 2616 512 2683 definiri
533 2617 656 2701 debere,
678 2641 716 2683 ac
738 2618 868 2682 irritum
890 2618 961 2683 fore
983 2627 1016 2683 et
1038 2618 1132 2684 inane
1152 2618 1180 2684 si
1200 2641 1289 2683 secus
1307 2641 1403 2704 super

167 2722 218 2787 his
238 2746 259 2788 a
278 2744 443 2811 quoquam
459 2722 574 2808 quavis
594 2721 782 2788 auctoritate
802 2721 936 2787 scienter
952 2721 1006 2788 vel
1028 2722 1214 2810 ignoranter
1235 2723 1404 2810 contigerit

165 2825 325 2893 attentari.

210 2930 244 2996 N
246 2954 288 2996 on
302 2931 504 2997 obstantibus
517 2930 707 3019 praemissis,
718 2939 751 2996 et
764 2938 921 3019 quatenus
936 2954 1016 3018 opus
1030 2929 1072 2996 sit
1089 2919 1210 2997 Nostra
1224 2941 1256 2997 et
1271 2931 1404 2998 Cancel-

167 3033 265 3100 lariae
292 3034 498 3121 Apostolicae
525 3033 653 3122 Regula
683 3035 723 3098 de
749 3035 819 3098 iure
846 3036 982 3122 quaesito
1009 3057 1073 3099 uon
1101 3036 1240 3119 tollendo,
1269 3036 1404 3122 aliisque

167 3138 364 3225 Apostolicis
382 3160 420 3203 ac
438 3137 473 3203 in
487 3137 745 3222 Universalibus,
761 3138 1019 3204 vaincialibus
1036 3147 1068 3203 ct
1087 3138 1302 3224 synodalibus
1317 3141 1404 3207 Con·

165 3242 250 3307 ciliis
263 3242 359 3307 editis
372 3241 651 3307 constitutionibus
661 3250 694 3306 et
707 3236 971 3326 ordinationibus,
983 3265 1040 3307 neo
1054 3265 1118 3308 non
1129 3266 1404 3331 quorumcumque

166 3345 340 3429 Ordinum,
354 3345 656 3433 Congregationum,
672 3345 914 3429 Institutorum,
928 3355 961 3411 et
979 3345 1182 3431 Societatum,
1200 3348 1297 3412 etiam
1316 3347 1403 3430 Iesu,
1457 3342 1461 3349 ’

165 3460 199 3515 et
227 3450 417 3537 quatumvis
449 3448 664 3514 Ecclesiamm
691 3458 725 3514 et
751 3450 825 3515 aliis
853 3450 1059 3537 quibuslibet,
1089 3452 1185 3516 etiam
1214 3452 1402 3535 iuramento,

167 3553 407 3619 confirmatione
422 3553 618 3639 Apostoliea,
632 3552 686 3620 vel
706 3555 822 3642 quavis
841 3554 907 3619 alia
927 3555 1078 3620 firmitate
1098 3555 1255 3620 roboratis
1276 3556 1403 3622 statutis

166 3668 199 3723 et
212 3657 505 3741 consuetudinibus,
519 3680 557 3723 ao
570 3657 872 3744 praescriptionibus
889 3657 986 3723 etiam
1005 3659 1286 3742 immemoralibuS,
1302 3659 1403 3746 privi-

167 3761 260 3848 legiis
273 3784 410 3850 quoque,
424 3761 560 3825 indultis
574 3770 606 3825 et
620 3761 754 3826 Litteris
767 3761 963 3847 Apostolicis
977 3762 1217 3848 quomodolibet
1230 3763 1265 3826 in
1280 3773 1403 3828 contra-

168 3867 253 3930 rium
268 3865 514 3952 praemissorum
532 3866 695 3949 concessiS,
709 3865 804 3931 editis
823 3874 855 3931 et
873 3866 966 3931 factis
984 3889 1022 3931 ac
1041 3866 1115 3931 lieet
1133 3867 1254 3954 pluries
1272 3868 1402 3934 iteratis

168 3970 298 4050 Quibus
312 3970 460 4036 omuibus
474 3978 507 4034 et
519 3969 666 4056 singulis,
680 3970 804 4034 etiamsi
823 3992 883 4056 pro
897 3969 1029 4034 illorum
1043 3971 1244 4056 derogatione
1258 3971 1404 4057 specialis

169 4073 272 4140 torma
292 4074 449 4139 servanda
470 4073 564 4156 soret,
582 4073 912 4138 tenores‘earumdem
932 4075 1151 4160 praesentibus
1171 4098 1231 4160 pro
1253 4075 1347 4162 plene
1367 4099 1404 4140 ac

168 4177 359 4243 sufficienter
379 4177 536 4264 expressis
557 4176 707 4242 habentes
727 4175 769 4241 ad
794 4178 1039 4263 praemissorum
1064 4177 1210 4242 effectum
1235 4179 1404 4245 dumtaxat

168 4282 344 4367 specialiter
362 4292 395 4346 et
415 4302 561 4366 expresse
580 4280 766 4367 derogatum
788 4302 853 4345 esse
873 4281 1033 4363 volumus,
1047 4282 1220 4368 ceterisque
1238 4283 1404 4347 contrariis

169 4385 431 4474 quibuscumque.

212 4490 425 4575 Quocumque
438 4499 544 4553 autem
557 4489 652 4553 modo
663 4488 845 4553 earumdem
860 4489 1074 4575 praesentium
1086 4489 1283 4554 Litterarum
1297 4514 1404 4555 exem·

169 4591 224 4679 pla
242 4593 275 4657 iu
291 4592 415 4680 Anglia
436 4593 597 4680 publicata
619 4592 750 4674 fuerint,
767 4592 916 4657 volumus
939 4602 976 4656 ut
997 4593 1106 4657 statim
1128 4603 1200 4680 post
1221 4593 1405 4660 huiusmodi
