3142 5242
548 499 602 544 DE
632 500 839 545 AEDITUIS
869 498 1028 544 LAICIS·

613 867 829 942 CAPUT
868 867 954 944 IV.

168 1053 232 1126 De
250 1054 453 1127 Annrrurs
470 1074 552 1125 var.
573 1051 859 1128 Cunaronmus
877 1074 927 1127 er
945 1055 1226 1130 Oousmrnarrs
1248 1052 1400 1127 Larers.
1483 1140 1485 1145 Ι

217 1236 300 1310 284.
337 1235 463 1309 Sacris
490 1234 632 1308 Literis
650 1260 765 1333 saepe
783 1259 998 1329 monemur,
1017 1237 1093 1312 viri
1111 1236 1298 1334 sapientis
1318 1260 1402 1309 esse

167 1377 351 1450 quaerere
375 1351 537 1425 consilia
562 1350 826 1449 prudentium.
879 1353 1026 1428 “Salus
1052 1361 1194 1445 autem,
1222 1351 1289 1427 ubi
1314 1376 1401 1427 eon·

167 1468 255 1541 silia
280 1466 441 1541 multa.‘’
502 1467 633 1564 (ProV.
661 1487 732 1558 xl,
759 1468 835 1566 14.)
891 1468 963 1544 Cui
989 1468 1145 1544 veritati
1169 1467 1306 1543 innixa
1331 1466 1400 1541 Ec·

166 1584 282 1658 clesia
316 1584 424 1658 nullo
459 1608 537 1658 non
570 1590 745 1680 tempore
780 1583 983 1683 Episcopis
1018 1586 1182 1684 aliisque
1211 1581 1402 1658 ministris

167 1699 307 1799 quibus
332 1725 463 1774 rerum
489 1698 766 1797 temporalium
791 1723 884 1774 cura
908 1701 1115 1776 commissa
1144 1699 1229 1793 fuit,
1260 1699 1401 1797 probos

166 1815 271 1889 viros
296 1815 541 1908 consociavit,
567 1839 733 1913 quorum
765 1815 948 1912 prudenti
982 1817 1143 1892 consilio
1169 1817 1210 1891 in
1238 1814 1401 1914 negotiis

166 1931 380 2006 tractandis
423 1938 633 2006 uterentur.
705 1929 811 2006 Hinc
852 1939 893 2007 et
934 1941 1068 2008 nostra
1109 1932 1273 2010 concilia
1313 1956 1400 2006 con·

166 2054 314 2122 stanter
348 2049 575 2146 probarunt,
603 2054 648 2122 ut
680 2048 839 2147 parochi
873 2074 942 2123 seu
976 2048 1207 2124 missionum
1236 2056 1402 2123 rectores

165 2163 206 2239 in
232 2163 554 2239 administrandis
589 2163 784 2239 Ecclesiae
813 2164 925 2239 bonis
955 2165 1161 2241 eonsilium
1191 2165 1404 2240 adhibeant

165 2280 340 2355 virorum
383 2279 647 2378 prudentium,
681 2305 779 2379 quos
820 2279 925 2356 inter
966 2281 1135 2381 optimos
1178 2279 1240 2356 sui
1273 2277 1403 2379 gregis

164 2396 308 2490 fideles,
344 2395 538 2495 Episcopo
571 2397 835 2490 confirmante,
870 2398 1089 2496 selegerint,
1124 2423 1201 2497 quo
1236 2395 1403 2472 alacrius

165 2520 281 2612 atque
298 2513 448 2588 felicius
465 2521 652 2613 pastores,
671 2513 836 2611 negotiis
854 2514 1030 2605 ,externis
1047 2515 1153 2590 haud
1169 2514 1227 2589 ita
1243 2512 1402 2589 distenti

165 2655 210 2704 ac
235 2629 422 2720 distracti,
440 2629 574 2704 ovium
601 2653 760 2704 suarum
787 2631 954 2705 salutem
980 2656 1211 2730 promovere
1240 2629 1402 2729 possint.

216 2747 302 2820 285.
336 2743 569 2821 Constanter
599 2753 730 2820 autem
762 2745 935 2821 Ecclesia
968 2746 1100 2822 docuit
1132 2747 1283 2822 nullam
1319 2771 1402 2821 esse

165 2862 276 2937 laicis
313 2870 353 2938 et
395 2861 491 2961 ipsis
533 2862 614 2937 suis
657 2861 854 2953 membris,
891 2863 1161 2938 auctoritatem
1203 2862 1245 2938 in
1288 2864 1403 2938 rebus

166 2978 361 3054 Ecclesiae
393 2979 595 3076 gerendis;
630 2978 805 3054 aedituos
835 2987 875 3054 et
903 2988 1100 3083 curatores
1135 2980 1252 3055 laicos
1283 2980 1402 3079 privi-

165 3093 267 3193 legio
292 3094 412 3170 fuisse
436 3094 479 3170 in
504 3094 648 3170 atrium
674 3094 813 3193 templi
830 3096 1032 3190 admissos,
1050 3121 1128 3171 non
1149 3096 1250 3195 jure.
1303 3098 1404 3171 “Ad

165 3236 299 3286 eorum
319 3238 461 3286 munus
478 3213 582 3310 quod
600 3211 773 3303 attinet,”
799 3210 856 3286 ita
874 3211 1086 3312 Gregorius
1112 3213 1226 3288 XVI.
1255 3212 1402 3309 (Brevi,

167 3330 216 3403 12
234 3329 335 3425 Aug.
354 3328 484 3425 1841),
504 3327 733 3401 “neminem
759 3327 940 3426 ignorare
965 3330 1159 3423 volumus
1183 3329 1284 3404 illud
1309 3355 1402 3428 pen·

167 3445 258 3520 dere
273 3443 433 3518 omnino
451 3469 499 3518 ex
516 3444 743 3519 auctoritate
761 3444 955 3543 Episcopi,
974 3445 1149 3545 nihilque
1168 3447 1217 3520 ab
1235 3446 1402 3521 aedituis

166 3560 347 3635 eeclesiae
379 3560 464 3659 geri
497 3585 669 3659 unquam
704 3585 828 3659 posse,
864 3561 941 3635 nisi
974 3563 1079 3662 quod
1112 3561 1168 3637 eis
1203 3562 1321 3637 fuerit
1354 3563 1404 3636 ab

166 3675 356 3752 Antistite
381 3675 696 3752 demandatum.'’
750 3676 803 3752 Et
823 3677 1143 3753 Praedecessores
1162 3678 1296 3772 nostri,
1314 3704 1401 3753 cum

167 3795 216 3868 de
232 3792 399 3867 aedituis
412 3792 522 3868 laicis
538 3818 665 3867 sermo
682 3794 803 3886 fieret,
818 3795 1084 3870 declararunt:
1111 3795 1402 3869 “universalem

166 3908 387 3984 Catholicae
413 3909 607 3984 Ecclesiae
623 3909 749 4008 legem
767 3935 861 4002 esse,
878 3935 1014 3985 omnes
1030 3909 1120 3985 illos
1138 3910 1205 4010 qui
1223 3910 1402 3986 ecclesiae

166 4025 267 4098 bona
284 4050 527 4124 quocumque
539 4025 655 4099 modo
669 4024 955 4118 administrant,
971 4026 1126 4101 nonnisi
1140 4027 1402 4102 consentiente

166 4141 265 4216 Sede
295 4141 525 4239 Apostoliea
554 4142 617 4216 vel
652 4141 845 4240 Episcopo
879 4141 922 4217 id
955 4142 1061 4218 licite
1093 4144 1231 4236 facere,
1261 4168 1402 4242 eosque

166 4256 207 4332 in
244 4257 403 4332 illorum
439 4256 778 4333 administratione
811 4259 1034 4343 auctoritati
1068 4268 1107 4333 et
1138 4259 1402 4358 jurisdictioni

167 4372 449 4472 Episcoporum
475 4375 496 4420 ’⁸‘
520 4375 542 4420 ’¹‘
565 4375 587 4420 ’¹‘
611 4399 695 4449 esse
719 4374 947 4472 subjectos”
1003 4375 1093 4474 (No.
1119 4376 1219 4474 202.)
1276 4374 1404 4474 igitur

166 4490 385 4589 quicunque
407 4489 484 4566 viri
510 4489 609 4581 laici,
628 4491 867 4589 approbante
895 4490 1099 4589 Episcopo,
1117 4491 1200 4566 sive
1217 4519 1241 4567 a
1256 4499 1403 4567 rectore

168 4604 364 4681 missionis
381 4605 465 4681 sive
481 4632 505 4681 a
521 4615 631 4681 coetu
656 4606 830 4680 fidelium
855 4606 965 4680 electi
984 4607 1074 4700 sint,
1092 4614 1136 4682 ut
1153 4605 1194 4680 in
1211 4608 1402 4682 honorum

300 4727 340 4789 18
