3142 5242
532 469 586 514 DE
614 468 792 516 senous
821 469 1039 518 PUBLICIS.

248 791 489 866 Irsrancrm
519 814 573 866 nn
603 793 776 869 Sericus
802 793 998 870 Punnrcm
1022 816 1079 868 sn
1104 795 1322 871 Er1sc01>os

313 906 536 983 Aunmcsn
562 907 942 984 Snrrnrrmormms
968 909 1256 985 Focunasmn.

633 1092 707 1179 [Ad
722 1115 758 1179 p.
780 1096 832 1176 99,
851 1115 877 1159 c.
898 1091 940 1180 1.]

210 1260 338 1328 Pluries
361 1261 395 1328 S.
416 1261 629 1351 congregatio
650 1262 691 1329 dc
712 1263 927 1351 Propaganda
947 1264 1031 1331 Fide
1052 1265 1166 1332 certior
1186 1264 1271 1333 facta
1291 1277 1349 1352 est,
1368 1267 1404 1333 in

166 1364 352 1432 Foederatis
380 1365 523 1432 Statibus
550 1368 719 1432 Americac
746 1366 1011 1453 Septentrionalis
1039 1369 1212 1435 catholicae
1244 1370 1404 1437 iuventuti

165 1492 184 1535 e
208 1469 326 1535 scholis
348 1469 497 1557 publicis,
519 1493 599 1559 quas
626 1469 696 1536 illic
715 1480 843 1555 vocant,
862 1471 1056 1558 gravissima
1080 1471 1200 1540 damna
1223 1474 1403 1542 imminere.

166 1573 283 1639 Tristis
303 1573 358 1639 hic
377 1575 512 1640 nuntius
533 1575 646 1659 effecit,
665 1584 704 1641 ut
724 1574 886 1662 praedicta
906 1574 940 1643 S.
961 1575 1177 1664 Congregatio
1197 1578 1405 1665 amplissimis

165 1678 260 1744 istius
272 1677 405 1744 ditionis
419 1677 588 1765 Episcopis
601 1678 774 1773 nonnullas
788 1678 985 1766 quaestiones
1003 1681 1225 1766 proponendas
1238 1683 1404 1767 censuerit,

165 1805 248 1871 quae
261 1783 381 1870 partim
394 1781 437 1848 ad
451 1805 570 1866 (ausas,
580 1806 638 1848 cur
652 1783 760 1848 fideles
773 1784 883 1850 sinant
895 1782 1014 1849 liberos
1027 1807 1102 1850 suos
1115 1785 1240 1851 scholas
1253 1787 1405 1853 acatholi-

164 1909 219 1953 cus
239 1884 450 1974 frequentare,
471 1886 589 1974 partim
609 1885 653 1953 ad
674 1887 780 1952 media
799 1887 918 1974 quibus
938 1887 1065 1954 facilius
1085 1889 1218 1955 iuvenes
1243 1912 1264 1955 a
1287 1890 1405 1957 scholis

166 1989 353 2056 huiusmodi
366 1989 467 2056 arceri
485 1991 619 2078 possint,
633 1990 825 2078 spectabant.
871 1990 974 2057 Porro
990 1992 1209 2078 responsiones
1227 2015 1248 2059 a
1267 1993 1405 2060 laudatis

166 2094 337 2183 Episcopis
350 2104 498 2160 exaratae
510 2095 552 2160 ad
566 2094 756 2181 Supremam
770 2095 1060 2182 Congregaticnem
1071 2096 1276 2163 Universalis
1290 2098 1404 2185 Inqui-

164 2198 292 2265 sitionis
315 2221 376 2286 prc
404 2207 520 2264 natura
546 2198 727 2286 argumenti
755 2197 878 2265 delatae
905 2207 991 2283 sunt,
1017 2209 1050 2266 et
1077 2201 1206 2288 negotio
1235 2200 1406 2288 diligenter

165 2302 332 2390 explorato
353 2301 411 2370 fer.
433 2301 560 2370 1v.dic
584 2305 629 2369 30
649 2301 741 2368 Iunii
765 2304 851 2369 1875
871 2324 930 2390 per
951 2302 1201 2370 Instructicuem
1222 2314 1404 2393 sequentem

164 2405 397 2473 absolvendum
415 2407 458 2473 ab
476 2405 579 2472 Emis
595 2405 747 2472 Patribus
766 2405 942 2471 iudicatum
956 2415 1013 2490 est,
1029 2430 1126 2495 quam
1146 2407 1262 2472 exinde
1275 2407 1403 2476 SSmus

165 2509 210 2576 D.
225 2509 271 2576 N.
286 2509 345 2577 fer.
360 2529 414 2579 1v.
427 2509 481 2575 die
501 2512 544 2575 24
563 2510 758 2575 Novembris
776 2508 929 2597 praedicti
949 2510 1026 2575 anni
1040 2510 1226 2597 adprobare,
1241 2535 1277 2576 ac
1290 2512 1406 2576 confir-

165 2636 254 2680 mare
266 2613 419 2703 dignatus
432 2623 489 2681 est.

211 2718 314 2785 Porro
335 2719 370 2784 in
391 2717 652 2785 deliberationem
673 2717 782 2784 cadere
802 2718 963 2806 imprimis
982 2718 1117 2784 debebat
1138 2721 1208 2806 ipsa
1229 2720 1406 2786 iuventutis

165 2823 378 2890 instituendae
398 2823 481 2889 ratio
501 2822 620 2888 scholis
644 2821 830 2887 huiusmodi
855 2823 986 2909 propria
1009 2832 1107 2910 atquc
1131 2824 1309 2910 peculiaris.
1355 2825 1406 2891 Ea

165 2950 244 2995 vcro
257 2925 292 2993 S.
308 2925 555 3014 Congregationi
569 2926 641 2993 visa
654 2935 702 2992 est
715 2925 812 2991 etiam
826 2948 867 2991 ex
881 2949 914 2991 se
927 2925 1063 3012 periculi
1079 2926 1184 3014 plena,
1199 2950 1237 2992 ac
1249 2949 1405 3015 perquam

165 3032 300 3100 adversa
317 3031 365 3096 rei
382 3030 563 3097 catholicae.
607 3029 747 3095 Alumni
760 3030 847 3095 enim
861 3029 977 3095 talium
990 3030 1172 3096 scholarum
1187 3053 1261 3095 cum
1275 3032 1406 3118 propria

165 3135 350 3202 carumdem
371 3134 455 3201 ratic
475 3157 604 3202 omnem
624 3134 774 3200 excludat
794 3133 972 3199 doctrinam
993 3134 1170 3221 religionis,
1191 3158 1295 3221 neque
1315 3136 1406 3200 rudi·

167 3247 275 3306 menta
295 3238 370 3304 fidei
390 3238 564 3322 addiscent,
585 3260 689 3325 neque
712 3237 858 3303 ecclesiae
882 3238 1081 3303 instruentur
1102 3240 1288 3326 praeceptis,
1309 3249 1405 3327 atque

166 3344 245 3410 adeo
263 3343 417 3409 cumbunt
433 3342 615 3430 cognitione
633 3341 758 3406 homiui
773 3364 872 3429 quam
891 3341 1033 3407 maxime
1051 3342 1234 3424 necessaria,
1252 3343 1323 3408 sine
1341 3366 1406 3431 qua

166 3447 339 3513 christiane
366 3469 433 3511 non
461 3446 597 3513 vivitur.
650 3444 751 3510 Enim
771 3467 849 3511 vero
877 3445 914 3510 in
942 3444 1099 3511 eiusmodi
1127 3445 1246 3511 scholis
1275 3446 1406 3512 iuvenes

167 3553 343 3619 educantur
367 3551 432 3616 iam
462 3551 538 3616 inde
565 3573 585 3615 a
613 3551 719 3637 prima
747 3549 894 3636 pueritia,
915 3572 953 3614 ac
981 3548 1212 3637 propemodum
1241 3573 1263 3616 a
1289 3551 1406 3615 teneris

167 3655 370 3744 unguiculis:
391 3677 456 3741 qua
473 3664 584 3738 aetate,
600 3663 638 3720 ut
656 3653 787 3737 constat,
803 3653 934 3719 virtutis
952 3662 1009 3718 aut
1022 3653 1097 3720 vitii
1115 3654 1237 3719 semina
1255 3655 1406 3719 tenaciter

167 3761 309 3826 haerent.
353 3759 453 3851 Aetas
473 3758 575 3846 igitur
598 3768 666 3823 tam
687 3756 840 3822 flexibilis
863 3756 892 3822 si
916 3757 1036 3844 absque
1060 3756 1216 3845 religione
1239 3757 1405 3840 adolescat,

167 3865 377 3951 succingens
397 3862 520 3928 malum
541 3871 598 3929 cst
644 3860 747 3927 Porro
768 3870 876 3926 autem
902 3862 937 3926 in
962 3861 1131 3949 praedictis
1155 3860 1272 3927 scholis
1297 3870 1407 3948 utpote

168 3967 318 4034 seiunctis
344 3967 387 4032 ab
416 3966 575 4032 Ecclesiae
602 3965 798 4049 auctoritate,
825 3965 1106 4030 indiscriminatim
1135 3987 1177 4030 ex
1205 3965 1295 4030 omni
1324 3975 1407 4030 secta

168 4071 314 4159 magistri
334 4070 538 4154 adhibentur,
559 4078 593 4136 et
616 4069 800 4156 ceteroquin
825 4091 866 4134 ne
889 4069 1062 4156 perniciem
1086 4068 1222 4135 afferant
1245 4069 1406 4135 iuventuti

168 4175 261 4241 nulla
279 4175 350 4262 lege
367 4182 497 4240 cautum
515 4183 573 4258 cst,
587 4172 634 4239 ita
652 4180 691 4239 ut
711 4172 850 4237 liberum
869 4173 913 4238 sit
931 4195 1051 4239 errores
1070 4180 1104 4238 et
1116 4172 1272 4240 vitiorum
1286 4173 1408 4238 semina

168 4279 286 4344 teneris
298 4278 460 4344 mentibus
474 4276 653 4343 infundere.
698 4275 795 4343 Certa
810 4276 889 4342 item
902 4275 1083 4364 corruptela
1104 4299 1146 4341 ex
1167 4275 1229 4341 hoc
1243 4274 1409 4363 impendet

169 4381 257 4470 quod
270 4382 306 4448 in
319 4382 434 4448 iisdem
447 4381 565 4447 scholis
577 4390 637 4447 aut
649 4380 764 4446 saltem
784 4380 821 4444 in
841 4379 991 4467 pluribus
1008 4402 1118 4446 earum
1132 4379 1300 4467 utriusque
1312 4403 1408 4446 sexus

169 4486 381 4553 adolescentes
396 4494 430 4551 et
447 4484 615 4550 audiendis
630 4484 820 4550 lectionibus
841 4484 878 4549 in
899 4483 986 4549 idem
1000 4484 1151 4550 conclave
1164 4494 1408 4571 congregantur,

169 4599 202 4655 et
214 4590 322 4656 sedere
343 4590 379 4655 in
401 4588 512 4655 codem
534 4611 664 4655 scamno
685 4586 819 4654 masculi
839 4586 932 4652 iuxta
953 4587 1089 4653 feminas
1110 4586 1270 4653 iubentur.
1316 4587 1410 4668 Quae

1283 4774 1515 4896 fl
