3142 5242
222 464 264 528 14
352 477 535 524 amenus
564 476 714 524 11.-1›n
744 476 953 523 enasonrs
983 475 1348 523 nccnnsmsurcrs.
1441 445 1447 454 ⁵

221 635 254 711 si
271 635 378 726 velit,
396 657 603 732 suggerere
627 639 697 709 aut
722 631 927 731 designare
950 631 1110 706 nomina
1132 655 1277 723 eorum,
1296 630 1364 729 qui
1381 629 1457 728 ipsi

221 776 292 850 pro
310 751 382 825 hoc
399 773 560 824 munere
576 748 748 824 maxime
763 746 909 846 accepti
925 749 1065 823 forent.

272 867 320 942 In
337 865 524 942 electione
541 863 727 964 Episcopi
743 888 816 963 pro
833 863 998 939 dioecesi
1016 863 1171 939 noviter
1187 869 1314 938 erecta
1331 862 1458 937 obser-

221 991 373 1076 ventur,
390 980 549 1080 quaein
566 980 714 1078 regulis
740 1002 800 1074 11,
827 1000 905 1073 111,
933 1001 1002 1073 1V.,
1028 1001 1080 1073 v.,
1107 1001 1178 1070 v1.,
1205 1003 1325 1076 supra
1348 1002 1458 1076 prae·

221 1098 453 1173 scribuntur.
506 1096 661 1196 Regula
684 1104 816 1173 autem
844 1118 885 1189 1.,
909 1095 985 1171 erit
1010 1120 1195 1196 sequens:
1232 1094 1397 1185 Quando
1421 1093 1458 1168 S.

220 1213 310 1289 Sedi
336 1214 592 1313 proponenda
614 1218 707 1288 sunt
728 1212 890 1288 nomina
912 1236 1047 1288 eorum
1070 1211 1138 1311 qui
1160 1208 1459 1286 commendandi

221 1329 406 1404 videntur
429 1354 501 1428 pro
525 1328 691 1404 dioecesi
708 1328 863 1404 noviter
878 1336 1015 1421 erecta,
1033 1334 1294 1403 convocentur
1309 1325 1458 1401 consul·

222 1453 324 1522 tores
349 1445 534 1541 dioecesis
557 1445 622 1521 vel
653 1445 898 1539 dioecesium,
924 1443 1113 1544 equibus
1143 1468 1246 1518 nova
1274 1440 1459 1519 dioecesis

221 1563 387 1637 formata
421 1568 491 1655 est,
517 1568 558 1638 et
590 1569 758 1637 rectores
795 1560 1069 1636 inamovibiles
1105 1585 1229 1635 novae
1263 1557 1458 1635 dioecesis.

223 1677 377 1753 Horum
395 1677 471 1753 erit
493 1677 570 1752 tria
587 1677 748 1752 nomina
770 1702 905 1752 eorum
922 1700 1020 1777 quos
1037 1675 1177 1775 dignos
1195 1674 1460 1774 judicaverint

223 1792 426 1892 Episcopis
451 1792 675 1893 provinciae
697 1793 890 1885 exhibere,
908 1799 954 1868 ut
975 1791 1005 1867 ii
1028 1817 1123 1892 prae
1145 1791 1268 1867 oculis
1291 1790 1460 1865 habeant

222 1909 316 1983 haec
333 1907 493 1983 nomina
509 1907 551 1983 in
574 1908 838 2007 proponendis
856 1907 945 1983 Sedi
964 1906 1213 2007 Apostolicae
1229 1905 1458 1982 candidatio.

677 2279 896 2356 CAPUT
933 2281 1009 2356 ΙΙ.

471 2445 535 2521 Dn
562 2445 894 2521 Consonromaos
920 2445 1207 2523 Droaonsama

272 2613 332 2689 1·7.
363 2610 534 2688 Provide
559 2613 773 2686 admodum
796 2610 839 2687 in
863 2611 1037 2689 Ecclesia
1061 2612 1134 2689 Dei
1160 2611 1344 2687 instituta
1369 2617 1460 2687 sunt

220 2728 392 2828 capitula
406 2727 647 2804 cathedralia
663 2752 732 2804 seu
752 2726 917 2826 collegia
940 2729 1213 2804 canonicorum
1231 2727 1273 2802 in
1291 2727 1459 2803 ecclesiis

220 2844 519 2935 cathedralibus,
534 2842 602 2942 qui
619 2842 824 2942 Episcopis
840 2842 882 2918 in
900 2844 1163 2942 gubernandis
1181 2844 1262 2919 suis
1280 2843 1458 2919 dioecesi·

220 2961 293 3035 bus
317 2959 477 3034 consilio
503 2965 543 3033 et
568 2984 687 3057 opera
709 2958 851 3052 adsint,
874 2966 1062 3058 tanquam
1085 2959 1266 3035 ecclesiae
1291 2967 1458 3051 senatus,

221 3074 496 3174 praecipuique
538 3072 822 3173 Episcoporum
865 3076 1107 3174 coadjutores
1154 3101 1198 3152 ac
1237 3073 1458 3150 consiliarii.

220 3192 321 3266 Sane
343 3196 405 3266 tot
427 3197 519 3265 sunt
540 3197 728 3289 tantaque
751 3215 870 3265 onera
892 3198 932 3267 et
951 3192 1232 3267 sollicitudines
1252 3190 1459 3290 pastoralis

220 3306 440 3399 ministerii,
467 3312 513 3382 ut
541 3306 862 3382 administrandis
893 3307 976 3382 suis
1006 3307 1246 3383 dioecesibus
1276 3305 1459 3405 Episcopi

220 3447 291 3521 per
307 3447 349 3498 se
368 3423 471 3497 solos
489 3422 555 3495 vix
573 3420 653 3496 sint
675 3445 801 3520 parea.
856 3421 962 3498 Hinc
978 3448 1215 3522 magnopere
1232 3424 1457 3521 optandum,

220 3546 265 3615 ut
287 3538 392 3613 hisce
408 3538 528 3613 etiam
551 3537 594 3613 in
616 3537 841 3637 regionibus
858 3538 1075 3614 executioni
1098 3539 1278 3639 protinus
1301 3545 1460 3637 possent

220 3653 410 3745 mandari,
425 3679 525 3752 quae
542 3652 735 3728 canonicis
752 3653 1015 3729 sanctionibus
1030 3656 1079 3730 de
1091 3654 1261 3752 capitulo
1279 3653 1460 3729 ecclesiae

220 3769 453 3845 cathedralis
492 3768 778 3867 sapientissime
817 3768 1010 3845 habentur
1046 3770 1267 3846 constituta.
1347 3770 1460 3860 Quod

220 3912 341 3985 quum
375 3910 507 3960 rerum
541 3884 792 3976 conditiones,
823 3885 865 3960 in
899 3886 1040 3985 quibus
1075 3886 1267 3963 dioeceses
1302 3894 1459 3961 nostrae

220 4001 415 4101 praesenti
432 4008 640 4075 versantur
663 4007 850 4099 tempore,
868 4002 951 4076 fieri
979 4028 1057 4077 non
1083 4002 1226 4096 sinant,
1243 4001 1376 4077 visum
1401 4007 1460 4077 est

221 4117 404 4192 Patribus
421 4116 538 4214 hujus
558 4115 730 4191 Plenarii
745 4117 918 4210 Concilii,
933 4120 1053 4193 donec
1066 4118 1181 4193 aliter
1194 4117 1458 4216 provideatur,

220 4259 319 4333 quae
336 4240 550 4332 sequuntur
567 4234 772 4308 decernere
789 4258 834 4308 ac
851 4235 1049 4310 mandare.

271 4350 327 4424 18.
354 4347 561 4438 Quamdiu,
579 4348 620 4422 in
638 4349 835 4447 praesenti
851 4376 983 4424 rerum
1002 4358 1117 4444 statu,
1135 4351 1305 4449 capitula
1331 4351 1456 4425 cathe-

221 4465 346 4539 dralia
357 4463 454 4562 erigi
468 4473 675 4563 nequeunt,
686 4464 943 4541 instituantur
953 4467 1203 4541 Consultores
1218 4465 1457 4557 Dioecesani,

221 4582 436 4654 sacerdotes
454 4580 598 4677 pietate
616 4605 846 4679 morumque
859 4581 1093 4680 integritate,
1108 4582 1370 4657 sollicitudine
1387 4606 1458 4680 pro
