3142 5242
168 448 232 512 194
662 461 906 509 eresxurx.

167 618 368 686 institutione
389 618 619 701 informandos,
634 628 814 705 opportune
833 626 966 682 curaret
1011 613 1158 680 Illustris
1177 624 1294 679 autem
1311 612 1411 679 Arne

166 725 292 790 menuae
326 724 432 811 gentis
463 723 562 789 electa
597 746 672 809 pars
704 732 755 787 tot
780 723 942 807 tantisque
968 718 1179 785 Summarum
1209 716 1407 783 Pontificem

115 898 119 905 ,
166 826 348 893 dilectionis
369 827 559 892 testimoniis
580 826 627 892 ita
647 826 821 913 respondit,
843 836 999 912 utquam
1022 822 1064 889 de
1090 844 1126 887 se
1152 820 1406 908 expectationem

167 931 372 1014 excitaverat,
401 930 504 996 eidem
534 930 711 997 luculenter
738 952 774 995 re
803 930 872 1017 ipsa
898 928 1095 994 satisfecerit.
1138 924 1287 1013 Egregia
1321 924 1405 991 enin

167 1058 293 1122 serupcr
307 1046 496 1121 argumenta
516 1034 663 1122 praebuit
676 1034 727 1099 sui
741 1032 842 1099 studii
855 1056 931 1120 erga
943 1032 1132 1098 catholicam
1153 1029 1405 1117 religionem,ac

168 1138 277 1203 filialis
297 1138 496 1204 obedientiae
516 1139 712 1226 devotasque
732 1138 910 1204 voluntatis
929 1159 1006 1224 erga
1027 1134 1253 1223 Apostolimm
1280 1132 1403 1213 Scdem,

168 1242 276 1329 Eique
297 1242 399 1307 firmis
419 1242 563 1330 obsequii
584 1242 725 1310 vinculis
744 1264 812 1307 sese
831 1240 1014 1307 devinctam
1033 1238 1185 1307 ostendit.
1230 1238 1312 1318 Qua
1324 1238 1360 1302 in
1372 1258 1403 1301 re

168 1347 372 1434 praecipuam
392 1346 700 1414 commendationem
716 1347 798 1411 sacri
811 1347 881 1411 eius
895 1345 1034 1433 regionis
1055 1344 1204 1409 Pastorcs
1217 1343 1283 1407 sibi
1297 1338 1403 1407 vindi·

168 1461 253 1534 eant,
269 1473 408 1538 quorum
428 1450 637 1517 concordibus
650 1460 683 1517 et
695 1451 832 1516 assiduis
852 1449 1015 1515 laboribus
1028 1448 1121 1514 brevi
1133 1470 1173 1513 eo
1186 1470 1240 1513 res
1252 1444 1403 1512 adductae

169 1552 268 1638 suere,
284 1564 322 1620 ιιι
341 1553 540 1642 amplissima
567 1555 750 1642 Episcopali
779 1553 971 1620 Hierarelria
998 1576 1057 1640 per
1084 1562 1281 1618 memoratas
1306 1560 1404 1617 satus

168 1659 350 1741 constituta,
361 1658 518 1747 religiosis
532 1658 711 1725 Ordinibus
726 1660 871 1742 inseetis,
881 1657 1049 1725 Catholica
1062 1656 1268 1723 institutione
1280 1654 1402 1737 ciffus,

169 1762 274 1830 veluti
286 1786 408 1829 novum
420 1762 580 1829 Ecclesiae
588 1763 756 1850 spirituale
769 1786 905 1851 regnum
920 1764 956 1827 in
969 1761 1011 1827 iis
1024 1760 1210 1849 regionibus
1221 1759 1402 1825 effloruerit

213 1864 305 1931 Haec
329 1889 447 1955 magna
469 1890 544 1932 cum
568 1867 784 1933 consolatione
808 1869 967 1932 intuentes
991 1863 1132 1932 Romani
1156 1864 1336 1931 Pontifices
1356 1860 1404 1928 sui

168 1969 321 2053 muneris,
346 1981 557 2058 paternaeque
583 1994 659 2037 suae
686 1994 763 2059 erga
790 1970 950 2037 illustrem
978 1970 1071 2036 illam
1099 1979 1225 2056 partem
1253 1964 1404 2035 dominici

168 2074 277 2161 gregis
302 2073 544 2141 benevolentiae
563 2098 630 2141 esse
650 2075 824 2160 duxerunt,
846 2086 885 2141 ut
905 2076 1028 2141 maiora
1047 2073 1145 2140 etiam
1166 2072 1204 2138 in
1225 2072 1299 2139 eins
1318 2070 1404 2137 utili·

168 2185 267 2242 tatcrn
285 2177 465 2265 peragenda
482 2188 638 2246 curarent.
682 2180 890 2267 Quapropter
906 2179 1037 2245 inclitus
1050 2178 1206 2243 Decmer
1219 2176 1343 2243 Noster
1354 2172 1404 2240 tet

169 2302 231 2349 rec.
246 2281 327 2347 Pius
342 2282 398 2347 IX
415 2282 496 2347 uilril
516 2282 558 2349 ad
578 2282 742 2371 religionis
755 2284 987 2350 incrementum
1006 2282 1131 2365 utilius,
1144 2281 1186 2347 ad
1203 2280 1405 2347 Pontificiam

170 2384 420 2450 munificentiam
437 2388 651 2473 opportunius
666 2387 864 2453 existimavit
881 2410 980 2475 quam
999 2385 1179 2473 procidere,
1194 2394 1235 2450 ιιι
1251 2382 1405 2472 quemad·

171 2487 302 2553 modum
328 2489 435 2576 plures
459 2513 501 2555 cx
525 2491 599 2557 aliis
624 2491 742 2557 exteris
770 2492 965 2575 nationibus,
988 2492 1036 2557 sio
1059 2489 1215 2557 foederati
1240 2488 1407 2554 Americae

169 2589 432 2678 Septentrionalis
444 2604 547 2660 status
559 2618 650 2660 suam
665 2595 700 2660 in
715 2595 807 2663 Urbe
819 2596 953 2662 domum
966 2594 1111 2660 altricem
1125 2592 1283 2659 habereut
1297 2593 1333 2658 in
1346 2612 1407 2681 qua

169 2693 282 2760 delecti
297 2696 429 2762 iuvenes
447 2699 544 2764 sacris
562 2699 678 2764 studiis
696 2722 847 2787 sacraque
859 2699 1031 2786 disciplina
1045 2695 1246 2780 instituendi,
1260 2695 1305 2761 ad
1318 2718 1407 2762 exer·

169 2799 305 2864 cendum
315 2800 430 2867 deiude
443 2801 477 2864 iu
492 2803 595 2888 patria
609 2825 667 2868 sua
681 2803 772 2868 uberi
787 2826 861 2868 cum
872 2803 979 2868 fructu
990 2800 1182 2868 sacenlotale
1193 2801 1406 2866 ministerium

169 2905 550 2990 exciperemus—Quod
579 2906 715 2972 feliciter
743 2919 848 2973 mente
875 2916 1060 2994 conceperat
1087 2905 1226 2971 illustris
1255 2904 1407 2970 Decessor

171 3005 297 3089 Noster,
327 3031 456 3093 operam
487 3010 583 3074 ctiam
615 3010 715 3094 dedit,
745 3020 782 3076 ut
815 3011 903 3076 omni
932 3011 1058 3076 sublata
1087 3033 1177 3076 mora
1208 3008 1253 3075 ad
1284 3011 1406 3075 exitum

171 3109 405 3194 perduceretur.
472 3112 588 3200 Itaque
625 3115 707 3180 Eius
736 3117 825 3180 iussu
859 3139 879 3180 a
912 3116 1009 3181 Sacro
1041 3114 1188 3181 Consilio
1221 3114 1406 3181 Christiano

171 3212 293 3276 nomini
316 3216 521 3302 propagando
540 3230 685 3305 coempta
706 3219 740 3283 in
764 3220 843 3285 urbe
861 3220 1083 3306 don1u3,quae
1104 3219 1277 3284 Sacrorum
1291 3216 1406 3304 Virgi-

171 3338 249 3379 num
285 3340 306 3382 a
337 3317 534 3386 Visitatioue
563 3322 720 3408 Dciparae
751 3334 845 3388 antea
880 3324 994 3407 fuerat,
1024 3322 1172 3409 Collegio
1199 3322 1404 3388 alumnorum

171 3418 433 3505 Septentrioualis
454 3425 623 3490 Americae
643 3426 779 3509 addicta,
800 3439 1053 3514 perpetuumque
1075 3427 1109 3491 in
1135 3448 1231 3491 usum
1252 3425 1406 3491 attributa

170 3534 234 3604 est3
255 3524 416 3611 simulque
433 3549 519 3593 anuo
541 3532 624 3595 1858
645 3530 698 3596 die
716 3531 852 3596 solemni
872 3532 1005 3597 Sanctae
1024 3530 1088 3596 Dei
1110 3530 1230 3596 Matris
1248 3528 1405 3594 sideribus

170 3638 311 3712 receptae
338 3629 514 3697 abeodem
544 3632 640 3699 Sacro
669 3635 814 3700 Consilio
842 3636 966 3701 litterae
994 3635 1095 3718 datae,
1117 3633 1239 3722 quibus
1266 3632 1404 3697 eiusdem

171 3730 308 3817 Collegii
337 3735 452 3800 erectio
485 3759 544 3821 pro
580 3737 746 3803 foederatis
775 3740 942 3805 Ameriam
974 3737 1240 3826 Septentrionalis
1272 3736 1404 3803 statibus

170 3832 403 3903 decernebatur.
448 3838 630 3927 Collegium
658 3841 789 3928 quidem
819 3842 926 3930 ipsum
956 3843 1102 3908 felicibus
1129 3841 1284 3928 auspiciis
1307 3839 1361 3906 die
1384 3843 1403 3905 8

171 3936 343 4003 decembris
362 3963 447 4007 anno
467 3943 645 4032 insequenti
664 3945 844 4012 dedicatum
865 3958 930 4015 est:
953 3947 1009 4014 sed
1023 3958 1131 4013 tamen
1146 3944 1304 4034 usquead
1326 3945 1405 4010 hauc

170 4040 256 4104 diem
285 4041 368 4108 illud
396 4059 568 4132 supererat,
592 4059 630 4114 ut
656 4050 883 4118 documentum
906 4052 1131 4138 Apostolicum
1159 4050 1319 4134 ederetur,
1342 4070 1404 4136 quc

172 4143 277 4229 ipsum
299 4169 340 4210 cx
362 4171 450 4214 more
472 4151 681 4240 institutoque
700 4154 797 4219 huius
812 4157 1016 4241 Apostolicae
1036 4154 1128 4220 Sedis
1148 4155 1321 4220 <senonicae
1333 4172 1404 4218 suaa

171 4248 334 4314 erectionis
348 4251 416 4317 vim
439 4263 470 4319 et
491 4254 680 4342 dignitatem
701 4260 993 4345 acciperet-Eius
1014 4260 1060 4324 rci
1081 4282 1177 4324 causa
1196 4256 1403 4328 Vener-abila

172 4350 301 4417 Fratres
315 4354 481 4422 Amerime
499 4358 642 4426 Borealis
662 4361 825 4449 Episcopi,
839 4365 898 4450 qui
919 4364 1081 4450 superiore
1100 4386 1188 4428 anno
1209 4374 1348 4429 exeunte
1366 4359 1404 4425 de

171 4456 324 4539 gravibus
338 4459 503 4546 religionis
517 4463 611 4529 rebus
624 4466 726 4530 acturi
745 4467 779 4531 in
800 4468 884 4533 hanc
902 4468 1021 4534 almam
1037 4468 1162 4534 Urbem
1177 4474 1402 4546 convenerunt,

170 4579 228 4642 per
249 4558 337 4628 Vcn.
361 4563 507 4630 Fratrem
533 4568 818 4657 Archiepiseopum
844 4571 1108 4638 Baltimorensem
1135 4571 1242 4637 Nobis
1267 4569 1404 4637 fervidas
