3142 5242
237 456 279 516 46
349 468 533 514 rrrunus
563 468 725 516 11.-nn
755 467 963 515 ransorrs
993 464 1360 513 nccnnsmsrrcrs.

683 853 899 928 CAPUT
938 853 1027 929 IX.

653 1037 717 1110 Da
750 1036 1055 1112 nasamonas.

286 1206 346 1279 85.
375 1204 539 1292 “Quum
566 1227 813 1300 summopere
836 1202 1050 1300 optemus‚’'
1069 1209 1160 1277 sunt
1177 1203 1297 1277 verba
1314 1200 1376 1276 Pii
1397 1199 1469 1274 IX.

237 1345 267 1395 s.
299 1346 363 1414 m,
395 1321 446 1395 ad
475 1343 679 1417 supremos
714 1320 978 1394 moderatores
1007 1318 1190 1393 ordinum
1218 1316 1468 1416 regularium,

237 1444 259 1481 “
271 1443 316 1512 ut
332 1461 468 1512 omnes
484 1435 553 1535 qui
571 1434 746 1510 militant
768 1433 811 1508 in
833 1433 970 1509 castris
988 1432 1149 1509 Domini
1171 1432 1378 1509 unanimes
1394 1456 1469 1506 uno

234 1577 300 1628 ore
319 1552 575 1627 honorificent
592 1550 731 1644 Deum,
749 1575 794 1625 ac
810 1548 969 1650 perfecti
991 1549 1034 1625 in
1057 1551 1192 1627 eodem
1216 1574 1334 1624 sensu
1357 1556 1471 1647 atque

235 1652 439 1760 sententia,
461 1666 619 1743 solliciti
642 1666 723 1742 sint
745 1691 901 1742 servare
923 1667 1113 1741 unitatem
1137 1665 1300 1764 spiritus
1321 1663 1365 1740 in
1387 1664 1469 1738 vin·

234 1786 320 1861 culo
352 1784 470 1885 pacis,
501 1809 526 1859 a
555 1783 666 1859 vobis
696 1781 816 1859 etiam
846 1789 964 1884 atquo
991 1782 1111 1858 etiam
1140 1781 1400 1882 efflagitamus
1428 1786 1470 1855 ut

234 1902 451 1977 arctissimo
495 1899 721 1976 concordiae
759 1905 800 1974 et
831 1899 1005 1974 caritatis
1046 1899 1201 1975 foedere
1242 1921 1470 1997 summaque

234 2018 456 2093 animorum
474 2015 726 2091 consensione
735 2015 1035 2091 venerabilibus
1049 2014 1253 2091 Fratribus
1267 2013 1470 2113 Episcopis

233 2140 273 2210 et
310 2133 500 2208 saeculari
534 2132 637 2208 clero
671 2131 876 2231 conjuncti,
912 2131 1011 2206 nihil
1055 2130 1253 2231 antiquius
1296 2129 1470 2206 habeatis

233 2275 352 2350 quam
394 2249 437 2324 in
471 2273 570 2348 opus
613 2246 831 2342 ministerii,
866 2247 907 2323 in
951 2245 1256 2324 aedificationem
1299 2244 1470 2346 corporis

234 2366 391 2460 Christi,
415 2365 644 2441 consociatis
669 2362 810 2439 studiis
835 2365 939 2439 vires
964 2390 1100 2440 omnes
1124 2363 1338 2457 intendere,
1357 2372 1470 2462 atque

233 2482 424 2559 aemulari
448 2506 601 2580 semper
625 2480 861 2556 charismata
882 2481 1056 2557 meliora.
1108 2481 1240 2572 Quum
1262 2479 1371 2556 enim
1395 2504 1470 2555 una

233 2599 286 2674 sit
319 2598 560 2698 regularium
603 2603 644 2672 et
685 2595 956 2690 saecularium,
993 2598 1258 2697 praelatorum
1301 2603 1339 2672 et
1383 2596 1468 2671 sub·

234 2715 417 2808 ditorum‚
448 2720 718 2812 exemptorum
752 2719 792 2789 et
826 2738 904 2788 non
934 2721 1203 2812 exemptorum
1237 2711 1470 2788 universalis

233 2830 417 2922 Ecclesia,
447 2837 557 2905 extra
586 2854 705 2927 quam
736 2828 868 2904 nullus
898 2829 1058 2942 omnino
1088 2829 1275 2922 salvatur,
1304 2853 1469 2928 quorum

232 2946 408 3021 omnium
440 2970 542 3020 unus
572 2951 632 3020 est
660 2944 864 3038 Dominus,
892 2971 971 3021 una
998 2945 1116 3021 Fides
1147 2951 1187 3021 et
1215 2971 1340 3020 unum
1368 2944 1469 3043 Bap-

230 3061 360 3154 tisma,
378 3064 489 3137 decet
513 3067 558 3137 ut
582 3060 808 3160 omnesqui
833 3062 1008 3160 ejusdem
1034 3069 1128 3137 sunt
1152 3061 1336 3160 corporis,
1356 3060 1470 3136 unius

231 3177 348 3254 etiam
368 3178 448 3252 sint
466 3178 692 3270 voluntatis,
710 3183 750 3252 et
772 3177 871 3252 sicut
894 3178 1034 3253 fratres
1055 3180 1107 3254 ad
1128 3177 1297 3253 invicem
1315 3176 1469 3252 vinculo

231 3293 432 3370 charitatis
458 3294 537 3368 sint
561 3292 771 3368 adstricti.''
829 3294 918 3392 (Ep.
941 3293 1097 3395 Encyol.
1123 3294 1193 3371 Udi
1218 3294 1398 3387 Primum,
1423 3293 1471 3369 16

231 3410 257 3486 J
259 3409 342 3487 unii
368 3410 495 3506 1847.)

280 3528 342 3602 86.
369 3526 566 3602 Gaudenti
588 3533 629 3602 ot
650 3534 762 3625 grato
786 3527 917 3602 animo
942 3534 1135 3604 testamur
1157 3535 1197 3604 et
1220 3529 1299 3603 alte
1322 3527 1468 3627 procla·

232 3668 396 3734 mamus,
415 3651 589 3718 sanctam
607 3644 707 3717 hanc
727 3645 984 3736 concordiam,
1002 3644 1070 3742 pia
1092 3644 1271 3720 omnium
1294 3647 1468 3719 modera-

230 3759 336 3834 tione
366 3784 410 3833 ac
443 3758 714 3856 temperantia,
745 3758 932 3834 hactenus
965 3760 1008 3834 in
1038 3759 1111 3836 hac
1139 3786 1218 3861 qua
1250 3760 1333 3836 lato
1362 3764 1468 3858 patet

230 3874 387 3972 regione
405 3873 582 3949 illaesam
600 3881 794 3949 servatam
812 3875 932 3950 fuisse
948 3875 1051 3951 inter
1064 3877 1212 3952 clerum
1230 3876 1467 3951 saecularem

230 3997 270 4065 et
292 3991 425 4089 plures
452 3989 541 4064 illos
564 4014 610 4065 ac
632 3990 898 4066 benedictione
913 3992 1050 4067 divina
1072 4001 1286 4068 crescentes
1313 3992 1467 4067 ordines

231 4105 443 4203 religiosos
461 4111 544 4180 tam
561 4106 715 4204 egregie
738 4107 959 4182 laborantes
976 4133 1048 4208 pro
1066 4109 1236 4183 ecclesiis
1260 4109 1407 4183 nostris
1427 4107 1466 4182 in

231 4220 446 4294 ministerio
467 4221 687 4295 animarum
711 4229 751 4296 et
773 4222 815 4296 in
832 4224 1053 4321 juventutis
1077 4224 1326 4316 educatione;
1353 4232 1466 4322 atque

231 4338 445 4410 fraternum
471 4336 544 4411 hoc
566 4337 701 4412 foedus
725 4364 769 4412 ae
791 4340 1039 4415 voluntatum
1064 4341 1358 4416 consensionem
1383 4364 1465 4439 per·

230 4460 387 4548 petuam
422 4453 504 4526 foro
539 4453 676 4526 rnorito
711 4454 939 4529 confidimus
980 4481 1024 4531 ac
1058 4458 1336 4555 praesagimus.
1408 4455 1465 4530 Ne

229 4574 371 4658 tamen,
390 4570 493 4665 quod
519 4568 625 4642 Deus
649 4578 809 4661 avertat,
828 4596 905 4667 pax
928 4572 1074 4647 isthaec
1098 4599 1271 4672 unquam
1295 4574 1466 4647 humana
