3142 5242
171 470 234 532 256
666 486 910 534 srrnxnrx.

169 640 288 706 tionem
314 640 369 706 scd
395 643 490 707 etiam
514 665 589 708 vere
614 642 813 707 domicilium
839 643 979 726 fixerint,
1002 666 1068 731 quo
1093 642 1252 725 fraudem,
1276 643 1304 707 si
1327 662 1402 729 quae

170 745 387 828 intercesserit,
416 768 554 833 purgare
592 747 724 812 omnino
752 746 897 813 debeant
956 747 1013 813 Ad
1041 745 1303 812 constituendum
1330 767 1401 811 veru

168 849 487 936 quasidomicilium,
501 849 590 937 quod
609 850 643 914 in
663 850 749 916 hisee
768 850 893 916 (usibus
907 852 1080 917 necoesaric
1093 849 1337 936 adipiscendum
1349 858 1400 932 est,

168 952 233 1018 duo
255 953 332 1019 haee
352 953 451 1018 simul
473 956 691 1041 requiruntur,
705 954 861 1020 habitatio
882 978 997 1041 nempe
1018 955 1053 1019 in
1070 977 1108 1019 eo
1130 954 1201 1019 loco
1220 954 1279 1019 ubi
1298 953 1401 1019 matri·

169 1058 315 1122 monium
334 1058 544 1142 contrahitur,
558 1069 654 1145 atque
670 1059 798 1123 animus
817 1058 938 1124 ibidem
957 1057 1164 1145 permanendi
1183 1080 1243 1145 pcr
1256 1058 1401 1123 maiorem

168 1162 244 1227 anni
267 1172 400 1249 partem.
446 1163 654 1249 Quapropter
675 1163 704 1227 si
727 1162 870 1250 legitime
890 1173 1021 1245 constet,
1036 1162 1090 1228 vel
1110 1162 1224 1228 ambos
1238 1161 1293 1228 vel
1313 1161 1400 1227 alter·

168 1275 277 1330 utrum
303 1290 345 1332 ex
367 1268 494 1353 sponsis
522 1268 667 1332 animum
693 1266 808 1333 habere
831 1266 1039 1354 permanendi
1067 1290 1125 1354 per
1153 1266 1309 1331 maiorem
1330 1264 1400 1337 aani

167 1379 302 1457 partem,
316 1395 357 1436 ex
371 1394 409 1436 eo
422 1372 565 1458 primum
583 1370 637 1436 die
651 1371 796 1459 quodue
817 1372 894 1437 haec
914 1371 1010 1436 simul
1032 1382 1238 1454 concurrunt,
1253 1371 1399 1436 nimirum

167 1483 200 1538 et
225 1474 411 1540 huiusmodi
436 1476 563 1540 animus
588 1485 620 1540 et
644 1475 778 1541 actualis
802 1475 969 1559 habitatio,
994 1474 1203 1540 iudicandum
1228 1485 1279 1540 est
1302 1474 1401 1562 quasi-

167 1576 367 1643 domicilium
386 1579 578 1665 acquisitum
596 1578 694 1644 fuisse
713 1589 745 1644 et
764 1579 1006 1644 matrimonium
1021 1576 1108 1666 quod
1127 1578 1265 1666 proinde
1284 1589 1400 1644 contra-

168 1681 263 1746 hatur
292 1705 358 1747 esse
386 1682 544 1749 validum.
605 1682 851 1765 Verumtamen,
880 1682 908 1747 si
940 1682 982 1749 de
1014 1682 1175 1770 praedicto
1203 1683 1315 1749 animo
1343 1703 1400 1747 non

167 1796 297 1869 constet,
326 1786 369 1852 ad
405 1787 525 1853 indicia
553 1787 780 1853 recurrendum
817 1796 865 1852 est
893 1810 975 1874 quae
1003 1796 1129 1875 praesto
1156 1785 1235 1871 sint,
1263 1807 1401 1875 quaeque

167 1890 320 1955 moralem
338 1890 561 1956 certitudinem
580 1892 715 1978 pariant.
761 1890 804 1957 In
819 1915 854 1957 re
867 1902 972 1957 autem
991 1891 1115 1957 occulta
1130 1900 1164 1957 et
1180 1890 1311 1957 interna
1322 1888 1400 1957 diffi-

166 1994 227 2059 cile
241 2003 288 2059 est
302 1994 488 2060 huiusmodi
503 1994 621 2060 iudicia
635 1995 751 2061 habere
763 2018 846 2083 quae
860 1995 997 2060 iudicem
1010 2017 1157 2060 securum
1171 1994 1312 2062 firciant:
1335 1993 1401 2059 inde

166 2107 214 2162 est
228 2097 315 2184 quod
332 2098 477 2163 adhiberi
495 2099 636 2164 maxime
652 2097 746 2164 debet
762 2098 874 2186 regula
887 2123 908 2164 a
920 2120 1048 2164 summo
1062 2098 1221 2164 Pontifice
1235 2099 1400 2164 Benedicta

166 2200 286 2270 XIV}
309 2202 507 2285 confirmata,
532 2210 569 2266 ut
591 2201 779 2289 inspiciatur
802 2212 911 2268 utrum
937 2213 1012 2269 ante
1036 2203 1282 2268 matrimonium
1304 2202 1400 2290 spatio

165 2304 276 2370 saltem
307 2306 404 2370 unius
433 2306 550 2370 mensis
578 2305 632 2372 vel
661 2306 758 2372 ambo
782 2306 836 2373 vel
865 2307 1018 2373 alteruter
1046 2307 1081 2372 in
1110 2306 1311 2372 matrimonii
1338 2305 1399 2371 loco

166 2408 390 2476 habitaverint.
435 2410 535 2490 Quod
556 2411 584 2475 si
607 2409 726 2475 factum
749 2410 847 2476 fuisse
865 2404 1130 2498 deprehendatur,
1145 2410 1341 2476 censendum
1360 2418 1400 2474 est

165 2536 205 2578 ex
231 2512 489 2601 praesumptione
510 2514 590 2578 iuris
615 2514 824 2580 intentionem
846 2515 1053 2602 permanendi
1075 2537 1133 2602 per
1154 2514 1311 2580 maiorem
1331 2512 1398 2579 anni

165 2627 288 2704 partem
309 2617 461 2700 extitisse,
482 2626 515 2683 et
534 2617 842 2704 quasidomicilium
864 2618 963 2684 fuisse
984 2619 1187 2705 acquisitum,
1208 2618 1398 2706 proindeque

165 2722 407 2786 matrimonium
426 2744 492 2786 esse
514 2721 671 2787 validum.
717 2722 765 2787 At
784 2723 810 2786 si
832 2723 1048 2808 praesumptio
1066 2722 1144 2805 haee
1163 2723 1255 2805 iuris,
1270 2743 1397 2810 quaeer

165 2836 328 2891 menstrua
345 2825 541 2891 habitatione
559 2826 670 2908 oritur,
685 2827 852 2890 contrariis
869 2825 1007 2890 elidatur
1020 2826 1274 2912 probationibus
1289 2825 1397 2913 quibus

164 2940 248 2994 certo
271 2953 308 2994 ac
332 2929 457 3016 liquido
480 2938 602 2994 constet
627 2931 823 3016 praedictum
849 2930 994 2994 animum
1020 2929 1112 2995 nullo
1135 2940 1230 3015 paeto
1254 2931 1395 3009 extitisse,

164 3041 240 3097 tunc
263 3034 406 3120 profecto
427 3033 622 3098 contrarium
646 3033 782 3119 proferri
806 3033 919 3098 debere
942 3034 1094 3099 iudicium
1118 3033 1327 3098 manifestum
1347 3042 1395 3113 eat,

164 3139 240 3223 quia
276 3137 494 3223 praesumptio
530 3137 638 3202 cedere
674 3136 768 3202 debet
795 3138 935 3203 veritati.
995 3138 1162 3202 Praeterea
1197 3138 1395 3202 manifestum

163 3264 291 3328 quoque
308 3251 365 3322 est,
380 3240 534 3305 actualem
552 3240 782 3305 habitationem
799 3241 939 3327 ineptam
959 3264 1025 3307 esse
1038 3240 1080 3306 ad
1098 3241 1394 3328 quasi-domicilium

164 3345 364 3430 pariendum,
388 3345 414 3407 si
437 3345 510 3430 quis
532 3344 567 3408 in
589 3367 626 3409 ca
646 3345 775 3430 regione
799 3367 888 3409 more
909 3345 984 3432 vagi
1005 3368 1043 3410 ac
1063 3344 1244 3410 itinerantis
1265 3366 1395 3410 comme

163 3459 261 3531 retur,
278 3472 342 3512 non
362 3458 469 3512 autem
490 3471 565 3514 vere
585 3450 774 3534 proprieque
794 3448 977 3530 habitantis,
993 3447 1266 3534 quemadmodum
1287 3448 1395 3513 scilicet

162 3553 257 3616 ceteri
272 3552 375 3617 solent
389 3552 447 3638 qui
465 3551 499 3615 in
518 3551 627 3616 ecdem
647 3551 716 3616 loeo
730 3574 843 3616 verum
862 3552 1051 3639 proprieque
1065 3551 1188 3616 dietum
1202 3550 1394 3617 domicilium

163 3655 291 3722 habent.

207 3760 407 3825 Huiusmodi
444 3760 611 3824 senonicae
647 3760 919 3846 praescriptiones,
950 3760 1136 3846 praesertim
1173 3760 1208 3824 in
1246 3770 1393 3848 quantum

162 3865 298 3951 exigunt
324 3875 361 3929 ut
386 3865 540 3928 habeatur
565 3864 693 3928 animus
718 3864 925 3950 permanendi
947 3865 1066 3929 maiore
1090 3864 1168 3929 anni
1191 3877 1292 3951 parte,
1316 3860 1393 3929 eludi

162 3969 266 4033 solent
288 3968 323 4032 in
345 3967 568 4049 matrimoniis,
591 3990 730 4053 quorum
752 3967 962 4032 incommodis
984 3967 1214 4032 occurrendum
1237 3992 1325 4033 nunc
1343 3976 1392 4046 est,

162 4073 358 4158 minimeque
371 4081 548 4136 servantur.
591 4070 783 4157 Opportune
797 4071 896 4158 igitur
910 4070 996 4136 bis'ce
1009 4071 1104 4137 malis
1118 4072 1296 4136 remedium
1310 4071 1393 4136 affer·

162 4187 261 4251 retur,
290 4176 318 4240 si
348 4175 474 4240 eaedem
504 4176 671 4239 canonicae
703 4175 974 4261 praescriptiones
1003 4175 1095 4241 salva
1123 4176 1392 4241 matrimoniorum

163 4281 316 4361 libertate,
337 4277 502 4343 efficaciori
524 4287 556 4342 et
577 4288 735 4365 quantum
757 4279 899 4344 humana
919 4280 1087 4365 patiuntur
1108 4278 1197 4355 haud
1220 4280 1314 4346 facile
1334 4278 1394 4343 elu-

160 4383 265 4448 denda
287 4382 447 4448 sanctione
468 4382 752 4448 communirentur.
796 4382 850 4447 Ad
878 4383 966 4448 hunc
985 4382 1134 4448 effectum
1156 4383 1316 4448 Sanctitas
1337 4382 1394 4447 Sua

161 4487 312 4574 suffragio
334 4485 507 4550 adhaerens
530 4484 697 4551 Emorum.
715 4486 851 4551 Petrum
867 4485 1089 4552 Cauliualium
1112 4509 1177 4551 uua
1200 4510 1325 4552 meeum
1343 4486 1394 4548 In·

196 4639 311 4691 ¹Literis
328 4639 372 4690 die
392 4641 423 4690 19
442 4638 532 4689 martii
552 4639 618 4689 1758
636 4638 670 4689 ad
689 4639 816 4705 Archiep.
832 4640 955 4691 Goanum
973 4639 1049 4704 datia,
1068 4656 1136 4706 quae
1154 4640 1291 4707 incipiunt
1309 4638 1395 4693 Pace&

160 4723 249 4774 ablatae
259 4723 421 4773 hebdomadis.
