3142 5242
168 432 232 495 180
297 446 483 493 rrrunus
508 444 664 493 x.-un
690 444 882 491 suurcms
911 444 1283 493 uccnnsrnsrrcrs.

216 605 303 681 313.
330 601 443 693 Quod
461 601 528 677 “si
552 605 603 679 ad
625 626 787 677 examen
811 602 990 678 accedere
1010 608 1174 697 recuset,
1191 601 1339 695 iterum
1361 603 1404 678 fit

166 717 373 814 intimatio,
392 727 508 819 atquo
533 719 575 795 in
601 744 648 795 ea
671 725 1068 818 congruum-tempus
1092 719 1402 819 peremptorium
1467 730 1470 739 '

166 836 405 937 praefinitur,
433 836 538 911 intra
565 836 669 935 quod
698 859 789 909 reus
817 859 948 910 coram
975 833 1165 912 tribunali
1194 860 1240 913 so
1269 836 1401 911 sistere

167 954 315 1045 debeat,
344 952 458 1053 eique
491 951 743 1051 significatur,
778 950 813 1027 si
847 976 926 1028 non
958 958 1105 1053 parcat,
1133 960 1400 1029 contumacem

165 1095 249 1145 esse
275 1069 554 1168 judicandum;
589 1094 707 1169 quam
733 1067 1019 1144 intimationem
1044 1067 1079 1144 si
1103 1068 1214 1146 haud
1238 1070 1399 1171 probato

166 1186 342 1285 legitimo
374 1184 656 1285 impedimento
689 1184 1010 1285 transgrediatur,
1040 1194 1087 1262 ut
1113 1194 1329 1263 contumax
1355 1186 1400 1261 de

165 1302 265 1378 facto
291 1301 533 1379 habebitur.”
585 1303 635 1401 (a.
662 1303 797 1400 ΠΝ.)
848 1300 1087 1396 Notandum,
1103 1302 1292 1403 quamvis
1316 1328 1398 1379 con·

165 1420 335 1495 tumacia
361 1425 635 1517 argumentum
662 1417 814 1493 reitatis
839 1417 1055 1494 maximum
1078 1418 1239 1518 quidem
1261 1444 1398 1519 suppe-

166 1534 273 1627 ditet,
292 1536 396 1634 quod
421 1532 653 1610 confessioni
677 1542 936 1633 comparatur,
952 1533 1132 1611 reitatem
1154 1541 1292 1612 tamen
1316 1560 1396 1611 con·

165 1651 329 1727 tumacis
355 1676 432 1726 non
460 1676 543 1726 esse
568 1652 907 1750 praesumendam,
931 1652 1002 1728 sed
1031 1650 1211 1751 legaliter
1235 1652 1396 1753 proban·

164 1769 268 1861 dam,
292 1770 429 1843 eodem
454 1768 571 1843 modo
598 1792 642 1842 ac
667 1765 702 1841 si
727 1774 936 1843 contumax
959 1767 1002 1845 in
1027 1767 1136 1843 curia
1159 1770 1326 1845 adesset

214 1886 300 1961 314.
327 1884 510 1959 “Verum
536 1881 570 1959 si
597 1885 648 1960 ad
673 1907 836 1959 examen
861 1886 1029 1977 accedat,
1046 1884 1253 1980 audiatur3
1278 1894 1320 1962 et
1336 1883 1397 1961 ubi

164 2000 407 2077 inductiones
431 2000 596 2099 alicujus
621 1998 767 2075 valoris
790 1998 981 2093 exhibeat,
1007 2025 1076 2076 eae
1100 2009 1294 2101 quantum
1319 2000 1397 2077 fieri

164 2125 303 2217 potest,
329 2125 505 2192 accurato
535 2114 829 2191 discutiantur.’'
885 2118 934 2216 (a.
959 2118 1077 2217 xxv.)
1131 2116 1271 2194 “Dein
1300 2143 1397 2194 acec-

165 2234 336 2309 dendum
361 2234 496 2308 estad
521 2232 840 2307 contestationem
859 2232 990 2309 delicti
1015 2240 1055 2309 et
1079 2242 1397 2333 argumentorum

165 2376 261 2447 quae
288 2357 477 2448 prostant,
497 2356 542 2424 ut
565 2348 775 2447 inquisitus
799 2356 840 2424 et
864 2348 1070 2447 culpabilis
1096 2349 1289 2426 habeatur
1303 2349 1397 2426 etin

164 2490 308 2564 poenas
324 2465 528 2540 canonicas
545 2464 754 2539 incurrisse
769 2464 1006 2541 censeatur.''
1062 2467 1112 2564 (a.
1130 2468 1267 2567 xxvr.)

215 2581 353 2680 Itaque
379 2606 508 2656 coram
535 2588 711 2656 accusato
736 2579 924 2678 legendae
947 2589 1041 2658 sunt
1064 2582 1225 2658 testium
1248 2582 1396 2684 deposi-

163 2697 300 2786 tiones,
332 2705 372 2772 et
400 2696 664 2773 conclusiones
697 2722 745 2772 en
773 2696 855 2772 illis
885 2699 1082 2775 deductae.
1135 2699 1396 2799 “Inquisitus,

165 2813 231 2888 ubi
260 2840 308 2888 ex
338 2814 400 2888 his
429 2815 593 2906 noverit,
623 2813 794 2912 quaein
824 2814 920 2889 actis
949 2824 1086 2891 contra
1113 2814 1246 2915 ipsum
1277 2818 1397 2892 relata

164 2938 265 3025 sunt,
292 2933 343 3006 ad
373 2957 418 3005 ea
448 2932 683 3028 respondere
712 2938 851 3029 potest,
878 2957 933 3026 ac,
959 2931 993 3006 si
1023 2931 1131 3025 velit,
1158 2940 1292 3009 utetur
1310 2935 1396 3033 jure

164 3046 397 3121 defensionis
416 3073 439 3121 a
456 3072 497 3121 se
514 3045 599 3144 ipso
616 3046 658 3121 in
676 3047 831 3145 seriptis
847 3048 1127 3147 peragendae.’'
1175 3052 1226 3148 (a.
1242 3056 1393 3148 xxv11.)

165 3161 336 3237 Nomina
368 3171 500 3238 autem
533 3163 693 3238 testium
728 3165 893 3240 durante
927 3190 1128 3263 processus
1162 3167 1397 3242 confectione

164 3302 241 3353 non
275 3280 503 3377 prodantur,
537 3280 606 3353 sed
650 3287 801 3354 tantum
839 3280 1036 3379 publicato
1080 3307 1262 3381 processu
1299 3284 1342 3385 [i.
1367 3308 1395 3359 e.

164 3393 362 3496 deserueris
382 3397 594 3496 inspectioni
617 3398 797 3488 ardeniaco,
807 3399 921 3495 juata
943 3424 976 3472 e.
996 3400 1167 3500 xxxn.],
1186 3407 1230 3475 ut
1247 3400 1398 3499 possint

164 3509 406 3607 exceptiones
432 3519 658 3586 contraeas
685 3510 780 3586 fieri.
834 3512 968 3588 Potest
996 3515 1114 3589 etiam
1143 3515 1242 3591 alios
1269 3524 1395 3606 testes

163 3635 317 3723 praeter
352 3626 438 3724 jam
481 3628 732 3720 examinatos,
768 3630 990 3727 producere,
1025 3630 1092 3729 qui
1136 3632 1185 3706 ab
1220 3633 1396 3707 auditore

163 3741 410 3816 examinandi
437 3751 540 3818 sunt.

213 3856 426 3954 Responsa,
450 3860 705 3957 exceptiones
729 3868 799 3938 otc.
826 3862 993 3938 accusati
1019 3863 1163 3962 scripto
1189 3867 1397 3942 tradantur

163 3999 186 4046 a
211 3973 451 4049 cancellario.
505 3976 602 4050 Tota
629 3977 819 4074 depositio
847 3978 923 4076 ipsi
951 3979 1114 4077 legatur,
1143 3988 1189 4057 ut
1214 3980 1302 4081 ipse
1328 4008 1396 4057 sua

163 4113 292 4181 manu,
327 4114 426 4187 quae
467 4090 651 4189 reposuit,
687 4092 926 4186 subscribat;
970 4095 1109 4170 deinde
1154 4097 1398 4173 subscribent

157 4202 278 4298 judex
304 4211 343 4278 et
369 4207 632 4282 cancellarius

211 4321 297 4394 315.
332 4321 523 4396 Absolute
558 4348 739 4421 processu
773 4325 1054 4428 (informativo)
1083 4332 1263 4407 reductor
1298 4342 1396 4408 acto·

162 4457 249 4506 rum
276 4436 532 4511 summarium
559 4440 854 4537 praecipuorum
882 4452 1202 4542 argumentorum
1225 4473 1329 4546 quae
1353 4473 1399 4524 ex
