3142 5242
266 442 269 447 ’
404 527 405 531 ¹
533 466 767 513 ssss10uns
796 466 1039 516 sonuimus

707 651 873 717 Cancro.-

444 803 528 870 Rev.
544 802 729 871 Gabrielem
743 805 866 890 Andre,
880 807 914 872 S.
935 806 969 873 S.

482 910 502 943 “
547 907 749 975 Gulielmum
765 909 807 976 E.
822 909 972 976 Bartlett.

482 1014 502 1048 “
527 1051 531 1063 ·
546 1011 570 1077 J
571 1013 727 1100 osephum
741 1011 909 1079 O’Keeffe.

482 1117 502 1152 “
547 1116 731 1182 Antonium
745 1116 905 1183 Laminel.

482 1221 502 1256 “
546 1220 569 1286 J
570 1220 669 1307 oseph
683 1220 828 1306 Cassidy.

481 1326 502 1359 “
547 1323 706 1389 Joannem
722 1323 763 1390 B.
779 1324 945 1392 Drennan.

482 1430 501 1463 “
546 1426 570 1492 J
571 1449 707 1493 oannem
723 1427 827 1494 Marr.

210 1630 327 1696 Postea
341 1630 544 1718 promulgata
564 1639 641 1696 sunt
660 1631 793 1696 Decreta
813 1632 852 1696 de
873 1631 1074 1718 Pracjadicab
1095 1655 1160 1698 rica
1176 1632 1353 1720 Afferenda,
1368 1633 1406 1697 dc

165 1732 311 1799 Malaca
328 1733 414 1798 Vrina
426 1735 463 1798 ia
481 1734 616 1800 &cicilio
629 1734 802 1819 Servanda,
813 1736 852 1800 de
864 1757 929 1800 rica
941 1735 1146 1821 Discedeado,
1157 1744 1195 1801 ut
1208 1737 1244 1801 in
1259 1736 1406 1802 Concilio
1480 1737 1483 1743 ’

166 1837 319 1903 Plenario
334 1837 386 1903 II.
397 1846 533 1927 exstant.
579 1838 687 1904 Lectis
700 1837 797 1904 etiam
811 1837 945 1905 decretis
959 1838 1158 1905 Tridentinis
1172 1840 1212 1904 dc
1224 1839 1407 1905 Εεείάοηέιὶι

166 1940 263 2028 (Sess.
278 1960 341 2024 vn,
356 1964 383 2007 c.
399 1959 424 2007 1.
439 1940 481 2005 de
495 1940 579 2024 Res,
591 1940 671 2007 Sess.
684 1959 805 2025 xxm,
820 1965 848 2008 c.
863 1960 888 2008 1.
904 1942 945 2007 de
959 1941 1047 2031 Ref.)
1058 1942 1251 2009 &acetarius
1261 1942 1406 2030 promul-

164 2045 259 2131 gavit
272 2067 407 2131 sequens

502 2247 664 2312 Decretum
685 2248 736 2313 Dc
758 2248 953 2333 Profeaaiorw
974 2249 1075 2315 Fica.

210 2401 324 2466 “Cum
338 2401 422 2467 inter
436 2424 546 2468 omnes
568 2402 736 2489 pastoralis
756 2400 851 2468 officii
869 2402 1100 2468 sollicitudines
1121 2402 1181 2468 illa
1202 2403 1405 2490 potissimum

165 2505 273 2591 prima
293 2527 360 2570 esse
380 2505 503 2589 debeat,
524 2515 563 2571 ut
584 2504 684 2571 Fides
709 2505 879 2572 Catholiaa
900 2528 1000 2592 quam
1024 2507 1229 2573 Sacrosancta
1254 2507 1405 2572 Romana

167 2608 310 2673 Ecclesia
318 2618 405 2674 tenet
413 2607 735 2696 etquaesolidissimo
744 2608 858 2674 Petrae
866 2609 1077 2675 fundamento
1085 2609 1212 2693 nititur,
1220 2609 1407 2698 incorrupta

167 2713 203 2777 in
222 2710 353 2778 Nostris
374 2711 557 2779 Provinciis
576 2711 684 2799 vigeat
699 2721 731 2778 et
744 2721 901 2800 augescat,
915 2712 1114 2779 decernimus
1127 2720 1159 2778 et
1172 2713 1355 2797 statuimus,
1366 2722 1405 2779 ut

165 2815 208 2881 ab
229 2814 375 2881 unanimi
395 2815 591 2903 professione
603 2816 746 2902 ejusdem
761 2814 847 2900 fidei,
860 2839 959 2903 quam
973 2816 1086 2882 salutis
1099 2815 1259 2883 humanae
1272 2817 1406 2882 initium

166 2928 198 2986 et
225 2919 474 2985 fundamentum
503 2919 732 3007 praedicamus,
753 2920 929 3007 praesentis
956 2943 1086 3008 quoque
1113 2919 1237 3007 Synodi
1265 2921 1406 2986 actiones

166 3033 296 3090 sumant
305 3024 474 3089 exordium
484 3033 518 3089 et
531 3023 772 3090 incrementum.
817 3024 924 3091 Corde
933 3025 1020 3089 enim
1030 3023 1171 3090 creditur
1181 3023 1404 3111 adjustitiam,

166 3150 221 3193 ore
239 3136 349 3194 autem
369 3127 525 3194 confessio
546 3129 585 3192 fit
604 3126 647 3193 ad
667 3127 813 3211 salutem.
857 3127 984 3194 Idcirco
1004 3138 1135 3215 patrum
1148 3128 1298 3215 exempla
1319 3136 1352 3194 et
1370 3129 1404 3195 S.

167 3230 305 3297 Concilii
316 3231 500 3297 Tridentini
511 3231 745 3297 ordinationem
756 3231 809 3319 pie
818 3241 1005 3298 venerantes
1015 3232 1238 3319 praecipimus,
1253 3240 1286 3297 et
1300 3232 1405 3298 Reve-

166 3334 373 3400 rendissimos
400 3335 576 3400 confratres
605 3335 792 3423 Episcopos‚
820 3357 945 3400 necnon
980 3358 1091 3401 omnes
1119 3336 1155 3400 in
1184 3335 1245 3400 hac
1272 3335 1405 3421 synodo

165 3448 373 3525 congregatos
397 3438 586 3523 invitamus,
607 3447 646 3503 ut
669 3439 897 3526 professionem
922 3439 997 3503 fidei
1021 3440 1197 3505 secundum
1223 3438 1361 3504 formam
1384 3462 1406 3504 a

167 3542 230 3607 Pio
251 3541 342 3628 Papa
362 3541 432 3611 IV.
447 3544 669 3608 concinnatam
690 3543 847 3625 emittant,
863 3565 928 3608 una
949 3566 1024 3608 cum
1045 3543 1187 3607 clausula
1206 3542 1247 3606 de
1264 3543 1405 3608 Romani

168 3645 334 3711 Pontificis
347 3646 489 3733 primatu
503 3646 606 3732 deque
619 3649 688 3732 ejus
703 3645 869 3711 infallibili
885 3646 1066 3732 magisterio
1080 3645 1226 3711 addenda
1239 3647 1336 3731 juxta
1351 3645 1405 3710 Pii

167 3750 224 3814 fel.
239 3773 298 3816 rec.
315 3749 422 3836 Papae
437 3750 505 3816 IX.
523 3748 784 3836 praescriptum.''

212 3853 348 3919 Decreta
361 3853 510 3939 perlecto,
523 3853 698 3941 Delegatus
708 3853 915 3940 Apostolicus
928 3854 969 3919 ad
985 3855 1094 3936 altare,
1106 3854 1220 3940 reliqui
1236 3853 1405 3940 synodales

166 3957 203 4023 in
225 3957 304 4023 locis
324 3959 392 4023 suis
408 3957 582 4045 genuflexi,
596 3967 779 4044 sequentem
795 3957 1019 4042 Proseasicacm
1034 3958 1125 4022 Fidei
1139 3958 1224 4022 clara
1238 3981 1317 4023 voce
1330 3980 1405 4044 pro-

164 4061 366 4127 clamabant:

212 4165 317 4252 “Ego
341 4165 385 4232 N.
413 4166 505 4231 firma
531 4166 593 4231 fide
622 4164 715 4230 credo
741 4175 773 4230 et
799 4166 949 4252 profiteor
973 4165 1082 4231 omnia
1106 4175 1139 4230 et
1163 4165 1301 4251 singula,
1324 4188 1405 4251 quae

164 4268 372 4335 continentur
385 4269 421 4334 in
435 4269 590 4356 Symbola
605 4269 710 4350 Fidei,
726 4291 790 4355 quo
812 4269 927 4334 Sancta
949 4269 1096 4334 Romana
1119 4269 1261 4333 Ecclesia
1283 4270 1404 4350 utitur,

166 4372 337 4439 videlicet:
360 4372 466 4440 Credo
488 4373 524 4438 in
547 4395 651 4438 unum
676 4372 786 4437 Deum
812 4371 941 4437 Patrem
968 4373 1229 4459 omnipotentem,
1253 4372 1404 4436 factorem

164 4476 246 4541 oeeli
273 4484 306 4541 et
331 4486 443 4560 terrae,
469 4476 650 4542 visibilium
675 4476 821 4541 omnium
842 4484 875 4540 et
899 4475 1125 4544 invisibilium.
1172 4476 1218 4540 Et
1243 4474 1277 4538 in
1304 4497 1405 4539 unum

164 4579 347 4647 Dominum
369 4580 483 4646 Jesum
498 4579 665 4647 Christum
687 4579 812 4644 Filium
835 4578 898 4645 Dei
920 4579 1132 4667 unigenitum.
1178 4578 1224 4644 Et
1245 4602 1286 4643 ex
1309 4579 1406 4644 Patre
