3142 5242
211 479 253 543 92
340 494 1007 542 u1ruuusv.-1>acuunrcosuu
1037 495 1334 543 anucumosa.

210 650 293 743 bue,
325 651 383 726 uti
412 658 472 726 est
503 650 707 743 institutio,
740 651 945 749 disciplina
975 661 1014 726 et
1047 676 1174 727 mores
1204 651 1449 746 clericorum,

210 767 309 842 alter
342 792 413 866 pro
448 768 739 866 temporalibus,
808 767 1013 866 Ejusmodi
1056 768 1231 866 deputati
1273 769 1449 867 eligendi

200 891 325 959 erunt
340 909 411 983 pro
433 883 652 959 seminariis
670 883 905 959 dioecesanis
926 886 975 959 ab
1000 882 1192 982 Episcopo
1217 887 1265 960 de
1282 885 1448 959 oonsilio

209 1001 485 1093 consultorum,
506 1025 578 1100 pro
599 999 903 1099 provincialibus
923 1001 973 1075 ab
995 1000 1199 1099 Episcopis
1220 1000 1450 1099 provinciae

209 1116 474 1215 collegialiter.

261 1234 344 1309 180.
370 1234 509 1324 Quoad
533 1233 742 1309 seminaria
767 1235 922 1333 privata
945 1260 1093 1309 necnon
1112 1235 1286 1333 collegia,
1304 1261 1406 1334 quae
1424 1263 1450 1311 a

87 1427 98 1447 .
209 1351 473 1426 sacerdotibus
501 1351 761 1426 saecularibus
788 1351 967 1426 instituta
993 1350 1055 1426 vel
1083 1351 1324 1426 instituenda
1352 1352 1447 1446 siut,

209 1468 463 1559 decernimus,
484 1493 531 1542 ea
550 1467 813 1566 jurisdictioni
840 1467 1038 1543 Ordinarii
1064 1466 1148 1558 loci,
1169 1467 1234 1542 ubi
1260 1467 1448 1561 existunt,

209 1609 293 1659 esso
322 1583 572 1681 subjicienda,
603 1586 698 1659 adeo
729 1590 773 1659 ut
807 1608 923 1681 super
952 1584 1091 1658 iisdem
1126 1584 1378 1681 inspectionis
1408 1593 1452 1660 et

143 1733 145 1737 ⁴
208 1700 436 1800 vigilantiae
454 1701 520 1798 jus
543 1725 718 1776 exercere
736 1725 813 1776 non
835 1701 962 1776 solum
981 1701 1110 1776 valeat
1132 1703 1200 1775 sed
1224 1707 1262 1775 et
1285 1700 1451 1776 omuino

209 1817 358 1893 debeat.
407 1820 472 1892 Ad
490 1817 698 1893 seminaria
714 1817 777 1892 vel
795 1817 958 1915 collegia
973 1817 1243 1915 religiosorum
1262 1817 1451 1892 ordinum

208 1940 278 2010 aut
294 1933 519 2009 societatum
534 1936 637 2033 quod
655 1934 805 2023 attinet,
823 1940 1026 2008 serventur
1044 1934 1283 2008 conditiones
1301 1933 1450 2031 specia-

207 2051 266 2126 les
283 2077 382 2149 quae
398 2050 518 2126 initae
534 2051 690 2127 fuerint.
1343 2036 1345 2040 ¹

260 2170 343 2242 181.
373 2167 549 2265 Denique
575 2194 695 2267 quum
722 2192 919 2242 sacrorum
946 2166 1116 2241 ministri
1142 2167 1274 2242 fideles
1298 2174 1339 2242 et
1356 2193 1451 2244 vere

207 2282 338 2359 idonei
365 2283 445 2358 sint
471 2283 543 2358 Dei
570 2286 728 2376 donum,
747 2291 787 2359 et
811 2283 968 2382 quidem
995 2284 1222 2375 maximum,
1247 2283 1450 2380 imprimis

207 2401 319 2475 enixe
335 2401 533 2499 rogandus
550 2399 655 2475 idem
678 2399 794 2492 Deus,
813 2398 880 2499 qui
906 2406 966 2474 est
984 2398 1210 2473 “Dominus
1234 2400 1386 2492 messis,
1405 2407 1452 2475 ut

208 2517 409 2615 operarios
435 2516 566 2591 mittat
591 2516 633 2592 in
659 2541 825 2591 messem
851 2541 963 2590 suam
976 2515 997 2549 '²
1019 2514 1127 2613 (Luc.
1149 2537 1190 2590 x.
1212 2517 1278 2614 2);
1304 2541 1451 2615 quum·

207 2658 283 2732 que
312 2632 482 2707 maxime
511 2634 654 2724 deceat,
685 2640 730 2707 ut
761 2657 1007 2707 communem
1041 2657 1196 2707 causam
1227 2633 1450 2708 communis

208 2758 464 2848 prosequatur
488 2749 623 2842 oratic,
646 2751 878 2824 mandamus
904 2756 948 2824 ut
972 2747 1186 2823 Dominicis
1211 2748 1360 2839 diebus
1378 2750 1449 2848 qui

208 2865 384 2954 Quatuor
401 2866 636 2965 Temporum
654 2866 806 2963 jejunia
825 2865 1002 2965 proxime
1023 2868 1264 2953 antecedunt,
1284 2866 1449 2963 parochi

208 2985 353 3057 nedum
371 2984 544 3057 solemne
560 2982 660 3056 illud
678 2983 694 3079 j
717 2981 874 3079 junium
893 2981 1183 3056 ordinationum
1200 3007 1316 3055 causa
1333 2981 1447 3056 insti·

206 3105 335 3173 tutum
350 3099 482 3172 fideles
494 3105 687 3189 moneant,
699 3099 768 3172 sed
781 3106 820 3171 et
830 3099 984 3172 eosdem
996 3098 1047 3171 ad
1060 3098 1387 3196 frequentandum
1398 3099 1448 3173 iis

207 3215 344 3290 diebus
364 3215 504 3289 missae
520 3214 761 3305 sacrificium,
774 3239 981 3313 precesque
998 3214 1137 3288 devote
1155 3214 1447 3311 persolvendas,

208 3338 323 3429 atque
340 3330 492 3429 jejunia
511 3330 594 3406 Deo
617 3331 815 3406 offerenda
837 3329 1009 3404 suaviter
1026 3329 1203 3421 excitent,
1221 3355 1298 3429 quo
1316 3331 1387 3405 fiat
1403 3339 1450 3406 ut

210 3446 283 3522 Dei
320 3455 618 3547 sanctorumque
661 3472 734 3546 ope
767 3447 987 3545 implorata,
1022 3453 1107 3520 tum
1143 3445 1361 3544 Episcopus
1403 3447 1447 3522 in

208 3549 342 3638 eorum
368 3564 529 3658 delectu,
556 3565 697 3663 quibus
723 3563 879 3638 ordines
905 3564 1087 3654 conferat,
1115 3561 1284 3660 Spiritus
1312 3563 1446 3638 Sancti

207 3680 356 3756 lumine
373 3683 602 3772 illustretur,
621 3688 706 3756 tum
727 3679 787 3755 illi
805 3680 946 3779 quibus
962 3678 1184 3754 conferendi
1201 3688 1326 3770 erunt,
1345 3682 1446 3755 tales

208 3800 386 3889 evadant,
405 3799 539 3897 quales
557 3797 630 3873 Dei
654 3798 778 3872 honor
795 3797 996 3895 cultusque
1013 3804 1053 3870 et
1069 3795 1265 3871 Ecclesiae
1282 3796 1445 3890 utilitas,

207 3913 328 3989 immo
347 3913 554 3989 necessitas
575 3913 786 4011 postulant.
843 3912 935 4009 (cfr.
955 3911 1068 3986 Cone.
1088 3911 1203 3986 Prov,
1224 3911 1445 3989 Ravenuat

208 4056 242 4105 a.
259 4032 383 4129 1855.)
