3142 5242
578 459 633 506 nn
658 459 895 507 concursu.
1289 442 1352 506 203

117 615 276 682 Ecclesiae
296 627 426 699 statum,
440 616 482 682 ad
504 616 581 682 cleri
601 624 633 681 et
654 616 768 703 populi
787 615 1000 703 disciplinam,
1015 617 1196 682 animarum
1215 616 1353 702 denique

116 741 197 805 quae
210 742 298 786 meae
312 720 385 785 fidei
400 720 535 786 traditae
552 729 630 786 sunt
647 720 782 785 salutem
798 720 914 806 quovis
931 719 1027 786 modo
1046 719 1299 806 pertinentibus,
1320 728 1352 785 et

116 822 256 888 vicissim
287 823 437 889 mandata
461 823 649 911 Apostolioe
674 823 839 889 humiliter
861 825 1014 910 recipiam
1039 833 1071 889 et
1095 846 1193 910 quarn
1213 822 1352 909 diligen-

114 927 237 992 tissime
265 950 413 1016 exequar.
473 927 573 1010 Quod
597 929 625 992 si
650 927 796 1016 legitimo
824 927 1053 1015 impedimento
1079 927 1224 992 detentus
1249 927 1351 1011 fuero,

115 1031 258 1117 praefata
286 1032 395 1097 omnia
421 1031 604 1119 adimplebo
636 1055 694 1119 per
721 1041 844 1098 certum
873 1032 1026 1097 nuntium
1055 1030 1096 1096 ad
1129 1031 1190 1096 hoc
1218 1030 1352 1117 speciale

113 1134 301 1201 mandatum
314 1135 493 1218 habentem,
508 1136 728 1202 dioecesanum
742 1135 944 1218 sacerdotem,
957 1136 1008 1202 vel
1024 1159 1082 1222 per
1095 1135 1234 1222 aliquem
1249 1134 1350 1200 alium

113 1239 334 1326 presbyterum
356 1239 549 1306 saecularem
567 1239 621 1306 vel
643 1240 833 1327 regularem,
855 1249 1012 1326 spectatae
1033 1238 1202 1326 probitatis
1223 1246 1256 1303 et
1276 1237 1351 1303 reli-

112 1344 227 1430 gionis,
241 1343 283 1411 de
295 1343 487 1432 supradictis
500 1344 650 1409 omnibus
664 1342 759 1431 plene
772 1343 973 1409 instructum.

157 1448 372 1514 Possessiones
386 1471 463 1514 vero
484 1447 526 1513 ad
548 1471 651 1513 meam
671 1470 813 1513 mensam
833 1448 1028 1534 pertinentes
1049 1470 1114 1512 non
1129 1447 1279 1531 vendam,
1293 1460 1351 1512 neo

112 1552 249 1636 donabo,
264 1576 367 1640 neque
381 1551 613 1638 impignorabo,
629 1574 688 1617 uec
701 1550 742 1616 de
761 1574 847 1617 novo
862 1551 1044 1634 infeudabo,
1061 1551 1113 1617 vel
1129 1550 1238 1637 aliquo
1253 1550 1350 1616 modo

110 1656 266 1739 alienabo,
289 1657 385 1721 etiam
407 1679 482 1720 cum
507 1678 660 1720 consensu
690 1655 835 1742 Capituli
860 1654 1020 1720 Ecclesiae
1049 1677 1146 1738 meae,
1168 1654 1349 1720 inconsulto

111 1758 259 1825 Romano
274 1759 440 1825 Pontifice.
485 1759 532 1825 Et
550 1759 578 1824 si
595 1760 637 1825 ad
651 1758 795 1846 aliquam
808 1759 1033 1824 alienationem
1048 1758 1215 1840 devenero,
1231 1781 1349 1844 poenas

110 1862 145 1928 in
160 1863 296 1950 quadam
317 1885 414 1949 super
433 1863 494 1928 hoc
513 1862 598 1929 edita
617 1862 843 1928 constitutione
862 1871 1023 1927 contentas
1043 1885 1080 1927 eo
1099 1862 1170 1948 ipso
1189 1862 1349 1929 incurrere

110 1966 197 2034 volo.
308 2000 311 2009 ·

153 2069 208 2138 Sic
221 2093 272 2136 me
287 2070 377 2136 Deus
390 2071 532 2156 adjuvet,
547 2080 579 2136 et
593 2071 670 2136 hacc
684 2081 791 2136 sancta
806 2071 868 2136 Dei
884 2070 1074 2167 Evangelia.

210 2373 453 2449 Iusraucno
476 2375 514 2448 S.
533 2373 892 2449 Couoaaoarrours
919 2395 972 2447 aa
997 2372 1245 2448 Paor.F1nn

375 2509 428 2563 nn
453 2489 731 2564 Concuasraus
757 2511 811 2563 au
839 2489 1082 2564 Panoncras

563 2655 637 2741 [Ad
653 2679 689 2742 p.
707 2658 759 2737 25,
775 2679 801 2721 e.
818 2657 887 2742 v1.]

151 2810 381 2877 Tridentinum
410 2810 593 2878 Concilium
621 2808 763 2874 decrevit
791 2808 886 2898 (Sess
917 2828 1036 2893 xxrv„
1066 2833 1093 2876 c.
1125 2814 1166 2876 18
1192 2810 1233 2874 de
1256 2808 1344 2896 Res.)

108 2913 221 2980 delere
244 2914 440 3001 Episcopum
463 2914 584 2997 statim,
599 2912 709 2978 habita
727 2913 842 2978 notitia
856 2913 1030 2979 vacationis
1044 2913 1234 3000 paroehialis
1248 2913 1346 2978 eecle-

108 3018 172 3084 siae
196 3017 237 3104 (si
262 3041 344 3104 opus
367 3017 477 3105 fucrit)
499 3017 680 3082 “idoneum
705 3016 741 3080 in
766 3040 804 3082 ea
824 3018 982 3082 vicarium
1006 3040 1079 3081 cum
1105 3040 1255 3103 congrua,
1278 3017 1346 3082 eius
1371 3066 1379 3078 .

108 3122 251 3204 arbitrio,
267 3121 431 3187 fructuum
444 3122 602 3208 portionis
616 3120 829 3207 assignatione
842 3121 1042 3204 constituere,
1057 3121 1115 3209 qui
1132 3144 1228 3186 onera
1245 3121 1346 3208 ipsius

108 3225 254 3291 ecclesiae
267 3227 430 3308 sustineat,
445 3224 546 3291 donec
559 3224 588 3290 ei
603 3224 644 3289 de
657 3234 777 3290 rectore
790 3224 1029 3312 providmtur.''

153 3329 297 3395 Pertinet
318 3328 433 3395 deinde
446 3329 488 3394 ad
504 3329 701 3415 Episcopum
724 3327 862 3393 indicere
875 3351 933 3415 per
946 3328 1075 3414 publica
1089 3329 1192 3395 edicta
1213 3352 1345 3394 concur-

107 3455 190 3498 sum.
236 3434 406 3499 Terminus
428 3433 462 3499 in
476 3432 589 3499 edictis
610 3431 850 3497 constituendus
864 3455 906 3495 ex
920 3431 1029 3496 eodem
1044 3433 1189 3498 Concilio
1208 3432 1345 3498 Triden-

108 3537 179 3602 tino
199 3547 247 3602 est
267 3537 392 3603 dierum
409 3537 532 3620 decem,
547 3535 602 3601 sed
624 3534 767 3600 concedit
781 3534 815 3602 S.
831 3535 884 3599 Pii
900 3535 948 3604 V.
963 3536 1147 3602 constitutio
1169 3536 1213 3601 Ia
1226 3537 1344 3622 confer-

108 3643 205 3724 endis,
229 3643 245 3718 5
268 3645 299 3724 b,
317 3650 355 3705 ut
376 3641 428 3706 hie
449 3640 606 3706 terminus
627 3639 669 3704 ad
690 3639 769 3705 alios
791 3631 897 3704 deoe'm
920 3638 988 3704 dies
1009 3640 1174 3726 prorogari
1196 3649 1292 3727 queat
1313 3649 1345 3707 et

108 3768 174 3811 nou
189 3744 284 3811 ultra.

105 3840 122 3856 ”
153 3849 278 3914 Exacto
290 3849 428 3915 termino
442 3850 478 3915 in
493 3849 603 3914 edictis
617 3848 814 3935 praestituto,
829 3847 867 3913 fit
881 3870 1060 3914 concursus·

153 3953 238 4019 Cum
249 3975 327 4019 vero
338 3975 439 4039 neque
450 3953 485 4017 iu
497 3952 670 4019 Conciliari
681 3950 805 4016 decreto
815 3973 918 4038 neque
932 3952 967 4015 in
982 3951 1086 4016 Piana
1097 3952 1342 4036 Constitutione,

109 4055 266 4122 maurinis
287 4056 321 4121 in
343 4079 497 4122 concursu
518 4053 691 4143 peragendi
713 4054 818 4120 forma
838 4077 894 4119 seu
916 4054 1086 4121 methodus
1108 4056 1177 4122 ulla
1198 4067 1284 4122 certa
1307 4080 1344 4122 ac

108 4160 278 4247 peculiaris
299 4159 455 4226 servanda
475 4159 638 4247 proposita
658 4158 780 4242 fuisset,
796 4158 913 4225 idcirco
933 4158 976 4225 ad
990 4160 1122 4225 vitanda
1144 4161 1344 4226 incommoda

109 4287 191 4353 quae
211 4288 254 4331 ex
274 4287 313 4331 eo
333 4264 526 4346 oriebantur,
540 4262 575 4330 S.
590 4263 805 4351 Congregatio
819 4262 958 4328 Concilii
973 4263 1009 4328 in
1022 4263 1138 4329 litteris
1152 4264 1242 4329 iussu
1256 4287 1281 4330 s.
1297 4287 1342 4330 m.

109 4367 285 4436 Clementis
299 4367 357 4433 XI
372 4352 483 4434 die'10
498 4366 578 4432 Iulii
592 4370 632 4432 17
635 4369 674 4431 21
690 4365 796 4449 editis,
809 4375 928 4432 certam
945 4367 1133 4433 methodum
1148 4367 1288 4433 habendi
1301 4366 1342 4434 ad

108 4471 304 4558 parochiales
326 4471 484 4537 Ecclesiae
504 4493 693 4536 concursum
708 4469 743 4534 in
758 4478 922 4556 posterum
944 4469 1135 4537 servandam
1151 4473 1341 4559 praestituit.

110 4574 283 4650 Posteriori
312 4585 454 4662 tempore
476 4597 500 4639 s.
527 4597 570 4638 m.
598 4573 789 4638 Benedictus
814 4573 920 4640 XIV.
949 4575 983 4638 iu
1009 4576 1234 4640 constitutione
1261 4598 1343 4661 quae

1206 4798 1480 4928 Ἀ
