3142 5242
363 469 520 517 urssau
549 469 771 516 sensurus
800 468 968 527 assoon
996 468 1213 516 sussroua.
1359 453 1407 518 lxi

168 624 323 712 Oaffemy,
345 625 394 694 V.
416 625 469 710 G,
491 625 687 692 subdiacono
708 624 826 692 Carolo
845 624 885 691 P.
905 622 1072 690 Grannan.
1115 625 1308 692 Assistentes
1330 650 1408 694 vero

168 727 319 818 Delegati
333 730 513 817 Apostolici
535 730 625 795 fuere
645 730 742 795 iidem
757 729 814 817 qui
829 729 882 795 die
902 728 1025 795 decima
1045 729 1140 795 tertia
1160 729 1258 816 hujus
1279 731 1406 798 mensis.

211 832 293 900 Post
314 832 539 921 Evangelium¹
555 833 677 899 Missae
696 843 870 917 cantatum,
886 832 1016 899 Illmus.
1035 841 1068 899 et
1089 833 1204 900 Rmus.
1228 834 1407 923 Episcopus

168 935 358 1021 Peoriensis,
375 938 537 1004 occasione
557 938 622 1003 diei
645 947 772 1025 arrepta
790 936 974 1003 concionem
997 936 1111 1002 habuit
1136 937 1177 1002 de
1201 938 1406 1026 obligatione,

167 1063 232 1128 qua
244 1042 333 1107 cives
346 1042 465 1107 horum
486 1040 636 1108 Statuum
652 1041 912 1125 Foederatorum,
927 1063 965 1106 ac
978 1042 1164 1128 praesertim
1178 1043 1264 1108 cives
1285 1043 1406 1110 Catho-

168 1143 233 1229 lici,
254 1153 405 1212 tenentur
424 1145 544 1233 gratias
565 1168 658 1232 agere
679 1145 751 1212 Deo
774 1145 816 1212 Ο.
843 1144 893 1212 Μ.
917 1167 978 1232 pro
1002 1145 1162 1210 beneficiis
1180 1168 1263 1233 quae
1281 1145 1407 1215 Divina

168 1247 379 1315 Providentia
399 1272 485 1315 anno
506 1250 615 1336 elapso
644 1258 711 1315 tam
732 1250 768 1315 in
798 1248 1044 1336 Rqublicam
1070 1272 1168 1335 quarn
1197 1251 1232 1314 in
1260 1251 1406 1338 singulos

167 1353 253 1419 cives
266 1352 408 1419 diffudit.

210 1455 314 1522 Missa
332 1458 433 1540 linita,
449 1457 579 1524 Illmus.
595 1468 626 1523 et
646 1459 762 1525 Rmus.
777 1458 1046 1543 Archiepiscopus
1065 1456 1324 1524 Milwaukiensis
1341 1482 1405 1524 ser-

166 1581 295 1626 monem
318 1561 473 1626 Latinum
495 1559 537 1626 ad
559 1562 727 1648 synodales
748 1561 864 1628 habuit
885 1561 936 1626 De
956 1560 1118 1644 Dionos
1138 1561 1337 1628 Sacerdotoli.

210 1664 437 1731 Benedictione
450 1688 470 1730 a
485 1665 642 1752 Delegato
656 1666 844 1752 Apostolico
858 1664 933 1730 data
947 1685 1056 1730 omnes
1071 1673 1272 1732 recesserunt.

209 2079 413 2146 Solemnibus
428 2081 564 2148 Concilii
579 2080 795 2146 functionibus
806 2081 971 2167 descriptis
980 2081 1161 2166 jucundum
1175 2090 1222 2146 cst
1235 2081 1403 2163 recordari,

166 2183 326 2249 Musiram
347 2207 478 2268 sacram,
498 2207 630 2250 suavem
651 2184 758 2250 divini
779 2183 884 2250 cultus
905 2185 1063 2268 comitem,
1087 2207 1169 2272 quae
1193 2185 1277 2249 inter
1301 2207 1404 2250 sacros

166 2286 303 2354 Concilii
332 2288 415 2353 ritus
443 2287 679 2371 decantabatiu,
701 2310 777 2355 vere
805 2288 911 2372 fuisse,
941 2296 979 2353 ut
1007 2288 1098 2355 Caer.
1129 2288 1217 2379 Epa
1246 2286 1402 2376 (l.1.‚c.

166 2391 221 2479 28)
250 2393 415 2479 praecipit,
438 2393 598 2476 devotam,
620 2393 803 2458 distinctam
828 2400 862 2458 et
885 2392 1132 2480 intelligibilem,
1157 2403 1253 2479 atque
1279 2390 1323 2458 ad
1336 2393 1404 2479 pie-

165 2504 262 2561 tatem
285 2496 457 2562 fovendam
478 2496 668 2562 ordinatam.
712 2496 812 2576 Quod
833 2497 920 2561 enim
942 2505 1053 2562 cantus
1074 2497 1259 2580 sessionum,
1275 2519 1404 2584 vesper-

164 2621 257 2664 arum
277 2608 374 2687 atque
394 2600 651 2667 benedictionum
670 2602 923 2687 vespertinarum
951 2608 1080 2686 spectat,
1100 2601 1124 2664 ii
1146 2601 1212 2666 fere
1232 2623 1342 2666 omnes
1362 2601 1404 2666 ab

164 2701 353 2770 officialibus
368 2704 505 2772 Concilii
520 2705 702 2770 cantoribus
716 2714 812 2792 atque
825 2714 952 2770 centum
969 2704 1069 2769 ferme
1085 2704 1247 2770 seminarii
1264 2704 1404 2771 alumnis

163 2808 412 2873 concinebantur
432 2807 491 2874 illo
512 2817 607 2874 cantu
624 2808 856 2895 antiquissimo,
872 2809 928 2895 qui
946 2831 967 2873 a
983 2807 1016 2874 S.
1032 2807 1189 2895 Gregorio
1206 2809 1401 2893 nominatur,

164 2933 241 2978 vere
249 2911 456 2977 ecclesiastico
467 2922 500 2978 et
510 2913 615 2978 omnis
624 2921 735 2977 <antus
745 2911 944 2977 ecelesiastici
958 2912 1046 2977 fonte
1057 2911 1109 3000 (O.
1121 2896 1259 3000 Colca).
1283 2914 1403 2979 Modu-

165 3014 299 3082 lationes
320 3039 399 3083 vero
420 3017 559 3082 musicae
579 3017 666 3081 intra
686 3016 800 3081 missas
821 3015 976 3081 solemnes
998 3025 1031 3081 et
1051 3018 1248 3102 vespertinas
1264 3018 1402 3083 domini-

164 3142 274 3186 carum
295 3119 528 3185 benedictiones
542 3143 562 3185 a
575 3120 751 3206 conjunctis
768 3119 969 3184 ecclesiarum
990 3119 1179 3185 cathedralis
1193 3131 1226 3186 et
1239 3120 1273 3186 S.
1290 3121 1402 3187 Jaoobi

163 3221 270 3289 eboris
290 3221 557 3311 producebantru.
602 3223 782 3290 concentus
804 3223 858 3287 isti
880 3223 1019 3310 figurati,
1041 3233 1109 3289 tam
1132 3247 1152 3289 a
1174 3226 1402 3291 vetustioribus

165 3324 387 3416 (Palaestrim,
402 3326 549 3411 Suriano,
564 3325 637 3416 etc.)
651 3350 748 3414 quam
762 3349 783 3392 a
796 3326 957 3392 modernis
971 3326 1080 3416 (Witt,
1092 3327 1217 3412 Goeith,
1232 3328 1305 3417 eto.)
1317 3353 1402 3395 com-

164 3431 272 3519 positi,
301 3432 370 3518 ejus
397 3433 523 3519 generis
550 3441 650 3515 erant,
673 3429 761 3518 quod
790 3430 870 3496 Pius
899 3429 968 3496 IX.
993 3430 1078 3497 hisce
1105 3432 1214 3499 verbis
1238 3431 1402 3502 laudavit:

166 3533 344 3600 “Multum
365 3535 407 3601 ad
428 3536 604 3602 movendos
624 3536 749 3601 animos
769 3544 866 3622 atque
886 3534 928 3599 ad
949 3535 1098 3622 pietatem
1120 3537 1303 3602 excitandos
1322 3539 1401 3602 sacri

165 3648 335 3705 concentus
370 3648 513 3727 possunt,
541 3639 737 3705 solemnibus
773 3638 935 3704 Ecclesiae
961 3639 1246 3726 supplicationibus
1282 3642 1401 3725 sociati,

165 3742 342 3808 dummodo
364 3745 410 3809 ita
430 3744 550 3808 fuerint
569 3743 741 3830 excogitati
762 3742 891 3829 ingenio
907 3751 1003 3829 atque
1016 3743 1168 3808 elaborati
1183 3743 1350 3828 industria,
1365 3754 1403 3811 ut

166 3847 326 3911 sanctitati
341 3845 482 3912 Divinae
496 3845 622 3913 Domus
636 3847 820 3933 rituumque
834 3847 989 3932 majestati
1003 3846 1244 3933 respondeant.''
