3142 5242
488 490 542 536 nn
571 490 827 537 uuuaarnus
858 492 1102 538 nncronuu.
1347 476 1406 539 161

175 646 287 722 licet:
334 646 639 744 “Reprobamus
674 673 824 747 quoque
863 674 906 723 ac
940 650 1171 723 damnamus
1205 672 1306 740 eum,
1341 646 1408 747 qui

176 762 282 838 haud
310 761 445 862 paucis
478 761 520 837 in
554 762 649 838 locis
678 763 842 839 inolevit
875 789 1025 859 morem
1055 761 1273 862 deponendi
1303 766 1409 862 apud

175 881 392 954 sacerdotes
408 879 613 977 pecuniam
631 905 677 954 ea
693 879 789 977 lege,
807 887 852 955 ut
874 881 1029 955 foenore
1053 887 1165 954 aucta
1187 887 1287 953 stato
1310 886 1406 955 tem·

175 1020 269 1093 pore
296 1001 555 1092 recuperetur.
609 994 715 1071 Hinc
743 995 848 1071 enim
880 1021 926 1071 ex
953 995 1230 1070 nonnullorum
1260 995 1406 1094 impru-

175 1111 308 1187 dentia
336 1111 447 1187 facile
476 1112 657 1187 oriuntur
686 1112 813 1188 malae
843 1112 1092 1212 suspiciones,
1118 1111 1260 1210 jurgia,
1289 1111 1407 1204 rixae,

174 1227 274 1320 lites,
298 1227 515 1303 calumniae
538 1227 716 1327 denique,
741 1254 818 1303 non
845 1227 929 1304 sine
953 1227 1065 1328 gravi
1090 1227 1265 1303 fidelium
1290 1229 1406 1303 offen·

174 1343 282 1419 sione
305 1352 346 1420 et
367 1343 466 1419 sacri
492 1344 642 1420 ordinis
662 1346 860 1421 dedecore.
912 1344 1177 1444 Praecipimus
1203 1343 1333 1444 itaque
1360 1371 1408 1421 ne

174 1460 261 1560 quis
295 1460 519 1559 hujusmodi
553 1460 731 1559 deposita
762 1460 805 1536 iu
839 1468 1040 1561 posterum
1075 1459 1248 1558 accipiat,
1278 1486 1327 1536 ne
1363 1488 1406 1537 eo

173 1578 331 1676 quidem
366 1585 578 1675 praetextu,
614 1579 717 1676 quod
760 1577 840 1654 sint
881 1578 922 1652 in
958 1577 1151 1652 Ecclesiae
1193 1579 1407 1677 temporale

173 1695 330 1788 bonum,
357 1719 475 1793 opera
500 1693 786 1770 misericordiae
812 1695 958 1770 aliosve
983 1695 1111 1769 bonos·
1131 1721 1224 1770 usus
1250 1720 1405 1770 conver·

171 1812 300 1903 tenda,
328 1809 404 1885 nisi
429 1809 540 1909 prius
566 1810 750 1910 Episcopi
775 1811 890 1886 venia
916 1811 958 1886 in
985 1809 1139 1908 scriptis
1165 1813 1407 1886 concedenda

171 1926 396 2002 habeatur.”
452 1927 581 2026 (Cone.
604 1926 713 2002 Plen.
733 1927 837 2002 Balt.
857 1928 924 2020 IL,
944 1927 1017 2002 No,
1037 1930 1136 2027 159.)
1195 1927 1282 2002 “Et
1306 1927 1406 2003 illud

171 2043 329 2143 quidem
357 2069 491 2118 omnes
519 2068 590 2141 pro
617 2051 814 2141 comperto
846 2043 1025 2137 habeant,
1055 2043 1268 2141 Episcopos
1297 2045 1405 2118 nullo

171 2161 287 2235 modo
313 2159 436 2236 teneri
460 2161 511 2234 ad
534 2159 776 2253 solvendum,
795 2158 829 2234 si
849 2160 936 2260 quis
960 2160 1131 2252 clericus,
1150 2167 1284 2235 contra
1308 2161 1406 2235 hane

170 2277 467 2368 ordinationem,
486 2284 662 2351 mutuam
687 2276 877 2374 acceperit
902 2275 1106 2374 pecuniam
1133 2283 1200 2351 aut
1226 2302 1291 2351 aes
1315 2278 1404 2352 alie·

171 2419 266 2467 num
289 2392 533 2467 contraxerit.
587 2392 787 2467 Malumus
812 2392 916 2467 enim
941 2392 1118 2467 ecclesias
1143 2393 1301 2467 omnino
1328 2420 1404 2468 non

170 2507 374 2602 aedificari,
398 2535 516 2608 quam
542 2509 659 2606 hujus
683 2507 739 2584 rei
764 2535 879 2584 causa
905 2534 992 2583 aere
1017 2508 1143 2583 alieno
1168 2511 1404 2585 sacerdotem

169 2625 395 2723 obstringi.”
452 2625 562 2723 (Litt
581 2625 687 2701 Past.
706 2626 819 2700 (lonc.
839 2625 956 2700 Prov,
976 2624 1079 2699 Cinc.
1100 2625 1172 2724 II.)

221 2741 259 2815 N
261 2768 282 2817 e
310 2741 397 2841 quis
425 2767 517 2816 vero
553 2743 730 2817 sacerdos
765 2740 806 2816 in
841 2741 1045 2840 proprium
1081 2741 1267 2839 suiipsius
1302 2767 1403 2817 com·

168 2861 329 2932 modum
365 2858 563 2933 ecclesiam
599 2883 667 2932 seu
697 2857 922 2932 missionem
957 2883 1044 2932 aere
1079 2857 1205 2932 alieno
1240 2884 1404 2957 gravare

168 2974 253 3049 sine
271 2974 455 3073 Episcopi
478 2973 634 3049 lieentia
652 2976 803 3066 audeat,
821 2975 1139 3048 commendamus
1157 2982 1201 3048 ut
1219 2974 1403 3073 Episcopi

167 3090 209 3165 in
244 3089 325 3165 suis
354 3089 498 3189 singuli
533 3090 771 3165 dioecesibus
804 3089 935 3164 taliter
965 3089 1233 3188 delinquentes
1269 3091 1404 3189 poenis

167 3207 361 3283 canonicis
378 3214 590 3282 coerceant.

218 3325 302 3400 280.
345 3324 412 3399 Ad
446 3349 560 3399 omne
594 3325 903 3422 praecavendum
947 3322 1115 3421 injustae
1158 3323 1403 3400 alienationis

167 3441 395 3541 periculum,
431 3440 673 3515 decernimus
709 3440 808 3514 nulli
843 3440 982 3515 dehinc
1016 3443 1241 3541 presbytero
1276 3441 1402 3533 licere,

167 3558 315 3633 seclusa
341 3557 455 3632 venia
481 3555 678 3632 Ordinarii
703 3556 745 3631 in
771 3555 925 3655 scriptis
952 3558 1054 3648 data,
1075 3556 1231 3631 nomine
1248 3583 1292 3631 ac
1312 3559 1402 3655 jure

166 3674 325 3774 proprio
342 3673 511 3748 retinere
527 3671 610 3747 sive
627 3671 838 3765 ecclesiam,
857 3671 939 3747 sive
957 3673 1119 3766 scholas,
1138 3673 1220 3748 sive
1241 3675 1400 3748 domum

165 3790 483 3890 presbyteralem,
510 3788 592 3864 sive
618 3788 902 3881 coemeterium,
927 3796 995 3863 aut
1019 3790 1121 3864 bona
1147 3790 1225 3864 alia
1251 3790 1400 3864 ccclesi-

166 3907 296 3998 astica,
335 3931 406 4005 pro
449 3931 616 4005 quorum
659 3904 911 4005 acquisitione
953 3905 1087 3980 fideles
1130 3906 1401 4005 qualicumque

166 4023 282 4097 modo
308 4021 482 4097 subsidia
507 4020 762 4114 contulerint;
797 4023 867 4096 sod
892 4047 937 4097 ea
964 4022 1254 4121 quamprimum
1277 4032 1399 4097 trans·

165 4141 264 4214 feret
287 4137 327 4213 in
356 4138 608 4213 Ordinarium
626 4137 750 4213 autin
769 4138 989 4213 societatem
1009 4164 1076 4213 seu
1093 4139 1400 4237 corporationem

165 4257 215 4330 ab
249 4257 385 4330 eodem
428 4255 628 4330 sancitam.
690 4253 804 4344 Quod
838 4253 872 4328 si
906 4254 993 4354 quis
1036 4256 1213 4329 sacerdos
1257 4255 1401 4352 absquo

165 4371 421 4470 permissione
447 4370 645 4446 Ordinarii
670 4370 831 4445 titulum
857 4370 996 4445 talium
1024 4372 1215 4446 bonorum
1241 4371 1400 4469 proprio

165 4487 323 4562 nomine
347 4512 419 4586 per
443 4495 523 4563 tres
548 4513 701 4561 menses
720 4487 936 4578 retinuerit,
955 4488 1137 4562 volumus
1156 4495 1200 4561 ut
1217 4487 1401 4562 canonica

164 4628 291 4702 poena
307 4603 509 4700 plectatur,
528 4629 645 4702 quam
663 4603 808 4701 singuli
826 4603 1010 4701 Episcopi
1028 4629 1098 4701 pro
1117 4603 1198 4678 suis
1220 4603 1399 4677 dioecesi·
