3142 5242
507 1045 843 1151 TITULUS
892 1047 998 1153 IX.

301 1272 364 1375 De
401 1270 538 1375 Bonis
574 1270 797 1375 Ecclesiae
838 1265 1181 1410 Temporalibus.

596 1667 813 1742 CAPUT
849 1669 886 1743 Ι.

185 1851 249 1926 Dn
276 1851 450 1926 Juamus
477 1851 703 1925 Ecennsun
729 1872 847 1926 111111
873 1852 991 1926 Bona
1014 1854 1297 1933 Tauronem.

173 2019 257 2093 264.
296 2015 502 2092 “Ecclesia
531 2041 671 2115 nempe
697 2024 742 2092 ut
767 2042 859 2092 vera
884 2026 924 2092 et
947 2021 1116 2118 perfecta
1146 2022 1308 2097 societas
1334 2048 1359 2100 a

123 2134 255 2209 divino
292 2142 445 2208 auctore
476 2157 544 2207 suo
579 2133 655 2207 fuit
687 2131 877 2224 instituta,
909 2160 1008 2233 quae
1042 2136 1162 2212 nullis
1196 2138 1358 2214 circum·

122 2250 268 2348 scripta
301 2249 505 2348 regionum
547 2248 703 2343 finibus
739 2248 839 2325 nulli
874 2249 992 2325 etiam
1025 2251 1134 2328 civili
1168 2255 1360 2332 subdatur

120 2365 298 2464 imperio,
326 2390 514 2465 suamque
539 2372 771 2463 potestatem
802 2391 846 2440 ac
869 2366 962 2465 jura
992 2368 1135 2468 ubique
1163 2378 1357 2448 terrarum

120 2482 163 2557 in
186 2483 391 2557 hominum
415 2482 581 2556 salutem
605 2480 726 2556 libere
743 2482 953 2558 exerceat.”
1010 2484 1121 2582 (Pius
1139 2485 1227 2579 IX.,
1247 2488 1356 2562 Allo·

120 2599 223 2675 cutio
242 2599 376 2674 Multis
395 2600 638 2697 crucibusque,
658 2599 705 2675 17
725 2597 815 2674 Dec.
835 2599 962 2700 1860.)
1018 2600 1192 2678 Ecclesia
1213 2603 1357 2704 itaque,

119 2741 207 2792 cum
239 2715 400 2792 societas
431 2715 483 2791 sit
512 2740 610 2814 quae
640 2721 680 2790 et
709 2723 867 2791 externo
898 2717 1163 2793 membrorum
1198 2746 1357 2797 suorum

121 2857 222 2909 nexu
247 2840 364 2932 atque
390 2832 526 2908 ordine
552 2831 734 2907 omnibus
757 2831 924 2906 visibilis
950 2841 1124 2932 apparet,
1147 2835 1197 2910 iis
1222 2838 1357 2935 procul

119 2949 237 3026 dubio
269 2949 408 3024 mediis
439 2948 497 3024 uti
531 2948 646 3023 debet
680 2949 731 3022 ad
765 2949 883 3023 finem
914 2973 1029 3023 suum
1060 2954 1356 3050 assequendum,

118 3092 219 3165 quae
244 3091 322 3141 non
348 3065 467 3140 meris
493 3063 678 3164 purisque
708 3063 921 3164 spiritibus
948 3072 1106 3140 atvero
1132 3066 1356 3144 hominibus

118 3208 343 3282 excerpere
366 3181 484 3257 simul
507 3187 547 3256 et
569 3179 702 3255 anima
725 3179 950 3279 compositis
972 3182 1216 3258 conveniant.
1269 3184 1355 3260 Etsi

119 3298 283 3398 proinde
301 3298 495 3374 Ecclesiae
518 3303 579 3373 est
600 3322 723 3390 orare,
741 3296 976 3394 praedicare,
994 3297 1217 3375 ministrare
1240 3309 1356 3400 atque

119 3414 344 3510 sacrificare,
362 3414 424 3491 his
444 3422 576 3490 tamen
593 3412 739 3490 divinis
756 3413 995 3506 muneribus,
1012 3439 1100 3488 cum
1126 3441 1204 3492 non
1227 3419 1354 3492 solum

119 3557 192 3632 pro
208 3531 444 3625 hominibus,
462 3532 532 3606 sed
552 3530 671 3605 etiam
692 3528 796 3604 inter
812 3527 991 3603 homines
1008 3536 1048 3604 et
1064 3531 1115 3605 ab
1131 3531 1355 3609 hominibus

119 3650 332 3725 exercenda
365 3648 456 3742 sint,
491 3653 664 3746 spectata
702 3645 877 3721 humana
911 3652 1052 3720 natura
1085 3646 1354 3748 humanaeque

120 3764 313 3841 societatis
346 3764 489 3858 indole,
523 3771 626 3839 recte
667 3761 777 3861 fungi
817 3786 896 3837 non
931 3769 1070 3860 potest,
1105 3761 1181 3838 nisi
1215 3764 1354 3840 mediis

120 3881 290 3957 externis
306 3881 509 3980 modisque
526 3878 746 3955 visibilibus
764 3885 909 3953 utatur.
962 3877 1135 3953 Externa
1152 3878 1297 3955 scilicet
1315 3887 1355 3956 et

120 3997 352 4096 temporalia
376 3998 478 4072 bona
504 4021 582 4072 non
607 3997 724 4070 modo
742 3993 938 4070 Ecclesiae
964 3994 1077 4069 utilia
1101 3997 1170 4070 sed
1195 3996 1353 4071 omnino

121 4113 336 4189 necessaria
369 4121 472 4190 sunt.
530 4111 667 4212 Neque
701 4110 829 4186 solum
862 4135 910 4185 ex
944 4110 1187 4186 ordinatione
1219 4111 1354 4187 divina

121 4228 315 4306 Ecclesiae
334 4230 403 4330 jus
428 4227 615 4328 competit
638 4229 690 4303 ad
714 4227 818 4301 bona
842 4225 1085 4325 temporalia,
1111 4229 1181 4302 sed
1204 4233 1246 4303 et
1263 4226 1354 4325 jure
1500 4272 1505 4280 -

121 4346 303 4440 naturali,
319 4371 408 4423 cum
428 4346 519 4447 jure
535 4346 651 4444 long'e
669 4340 852 4419 nobiliori
869 4367 962 4418 vera
985 4349 1026 4419 et
1044 4344 1213 4442 perfecta
1237 4343 1353 4418 socie·

119 4468 180 4538 tas
213 4462 267 4538 sit
299 4489 417 4563 quam
450 4461 624 4562 reliquae
656 4459 862 4535 hominum
897 4458 1111 4552 societates,
1138 4459 1278 4559 quibus
1307 4484 1356 4535 ex

120 4576 207 4677 ipsa
222 4605 355 4655 rerum
372 4586 514 4655 natura
530 4577 598 4678 jus
621 4577 725 4651 bona
748 4583 907 4651 externa
924 4575 1146 4674 acquirendi
1167 4600 1211 4650 ac
1233 4575 1354 4674 possi·

1164 4695 1225 4756 149
