3142 5242
225 513 267 577 54
460 526 643 574 rrruuus
672 526 1025 573 ιιι-1110111111
1054 525 1227 575 mvruo.

117 701 120 707 '
224 682 390 760 tantiam
424 681 664 780 frequentius
704 680 838 779 utique
876 689 1079 756 occurrant
1116 681 1159 757 iu
1198 679 1463 773 missionibus,

224 801 365 875 Sancta
398 799 516 873 Sedes
550 797 817 889 missionariis,
846 797 903 873 uti
933 797 1000 895 jus
1034 822 1240 873 commune
1269 796 1462 895 parochis,

225 915 387 1015 provide
404 915 582 1012 indulget
605 938 675 1012 per
691 914 916 989 facultatem
933 940 1051 1013 quam
1076 913 1294 991 Ordinariis
1310 910 1462 987 missio·

225 1057 319 1107 num
333 1030 509 1106 concedit
525 1037 546 1073 “
558 1029 779 1105 celebrandi
797 1029 858 1104 bis
875 1029 995 1105 indie
1012 1029 1046 1106 si
1064 1029 1270 1106 necessitas
1287 1027 1462 1127 urgeat,’'

224 1155 340 1247 atque
370 1149 469 1222 hano
499 1146 723 1222 facultatem
753 1145 873 1221 etiam
909 1152 930 1188 “
943 1145 1031 1221 aliis
1061 1145 1324 1222 sacerdotibus
1359 1169 1462 1219 com·

223 1262 485 1340 munieandi.''
542 1262 689 1360 (Form.
710 1283 750 1355 1,
768 1286 834 1336 nn.
854 1264 915 1356 23,
933 1263 1011 1361 28.)

275 1381 360 1455 102.
397 1377 594 1477 Religiose
623 1384 756 1453 tamen
791 1381 968 1453 attendat
997 1378 1229 1455 Ordinarius
1262 1376 1463 1453 licentiam

224 1497 335 1590 hanc,
361 1502 496 1593 uptote
522 1493 786 1592 exceptionem
813 1520 837 1570 a
866 1494 961 1593 lege,
990 1495 1135 1570 strictis
1158 1493 1348 1570 vallatam
1379 1518 1463 1569 esse

224 1611 521 1688 conditionibus.
576 1610 751 1685 “Caveat
773 1635 866 1685 vero
893 1636 942 1687 ne
966 1611 1166 1710 praedicta
1185 1610 1369 1685 facultate
1393 1635 1464 1685 seu

224 1726 513 1828 dispensatione
544 1725 765 1802 celebrandi
789 1725 849 1801 bis
873 1725 914 1801 in
939 1727 1003 1803 die
1026 1725 1141 1802 aliter
1160 1751 1279 1826 quam
1302 1751 1352 1801 ex
1375 1751 1461 1825 gra·

222 1844 395 1922 vissimis
412 1842 539 1918 causis
556 1849 597 1917 et
610 1840 811 1917 rarissime
829 1850 973 1936 utatur,
991 1842 1127 1942 inquo
1144 1842 1318 1942 graviter
1337 1841 1463 1941 ipsius

222 1959 456 2037 conscientia
479 1966 673 2034 oneratur.
726 1958 840 2047 Quod
865 1958 899 2034 si
924 1959 1025 2034 hanc
1047 1961 1212 2034 eandem
1236 1958 1462 2034 facultatem

223 2074 337 2153 alteri
362 2073 552 2151 sacerdoti
582 2076 694 2121 *Η
724 2074 1010 2151 communicare
1039 2076 1061 2121 *
1085 2077 1106 2122 ²¹⁸
1131 2076 1152 2121 '¹‘
1176 2074 1306 2150 visum
1332 2074 1460 2168 fuerit,

223 2192 323 2269 serio
346 2191 471 2290 ipsius
495 2190 751 2266 conscientiae
772 2190 1003 2289 injungitur,
1021 2199 1066 2267 ut
1088 2190 1223 2290 paucis
1245 2192 1461 2286 dumtaxat,

222 2309 347 2408 iisque
364 2306 591 2383 maturioris
607 2306 840 2406 prudentiae
857 2331 901 2383 ac
918 2307 991 2383 zeli
1008 2307 1128 2407 etqui
1144 2307 1321 2383 absolute
1334 2332 1461 2384 neces·

222 2424 315 2501 sarii
334 2431 435 2517 sunt,
454 2448 524 2499 nec
541 2447 612 2522 pro
630 2423 804 2521 quolibet
819 2422 914 2518 loco,
933 2425 1002 2498 sed
1019 2422 1086 2499 ubi
1103 2423 1236 2523 gravis
1253 2424 1461 2499 necessitas

222 2541 358 2618 tulerit
369 2547 410 2616 et
422 2541 473 2615 ad
486 2540 603 2615 breve
615 2546 771 2638 tempus
784 2542 962 2615 eamdem
975 2538 1267 2615 communicet.”
1312 2540 1460 2637 (Form.

223 2680 264 2749 1.,
279 2683 317 2732 n.
332 2658 410 2749 23.)
467 2655 641 2731 Discrete
659 2680 751 2753 ergo
768 2661 809 2730 et
824 2657 1049 2753 prudenter,
1063 2680 1158 2754 prae
1175 2654 1298 2730 oculis
1315 2655 1460 2731 habitis

223 2781 263 2850 et
284 2771 479 2848 facultatis
495 2771 674 2847 terminis
696 2778 738 2846 et
760 2770 1098 2869 explanationibus
1114 2771 1293 2870 repetitis
1310 2772 1460 2848 vicibus

223 2890 324 2966 datis
348 2915 372 2965 a
389 2890 426 2963 S.
445 2890 554 2980 Sede,
572 2887 729 2963 licentia
745 2887 806 2963 bis
824 2890 959 2963 eodem
978 2887 1041 2964 die
1058 2888 1279 2963 celebrandi
1297 2896 1460 2964 utantur

223 3005 421 3081 Ordinarii
444 3012 560 3103 atque
583 3006 811 3097 sacerdotes,
834 3028 878 3079 ac
901 3005 1036 3079 sedulo
1059 3011 1272 3103 sequantur
1294 3003 1458 3080 instruc·

222 3121 368 3196 tionem
393 3147 438 3196 ea
461 3122 510 3196 de
532 3145 576 3196 re
600 3119 783 3195 emissam
810 3147 834 3195 a
859 3120 897 3195 S.
915 3118 1223 3219 congregatione
1245 3121 1295 3195 de
1312 3119 1458 3220 Propa-

221 3239 351 3336 ganda
368 3237 476 3328 Fide,
495 3238 545 3310 24
563 3235 673 3328 Maii,
688 3236 798 3330 1870,
813 3243 852 3311 et
870 3235 1093 3334 nuperrime
1108 3234 1231 3311 Nobis
1249 3236 1394 3312 iterum
1411 3238 1459 3312 ab

221 3356 357 3429 eadem
376 3352 682 3451 Congregatione
698 3352 956 3427 inculcatam¹

272 3471 357 3544 103.
401 3470 488 3544 Illis
531 3494 578 3543 ex
621 3468 862 3543 documentis
904 3476 1056 3544 constat
1097 3471 1366 3545 necessitatem
1409 3470 1458 3545 ad

220 3585 382 3661 missam
398 3586 618 3660 iterandam
644 3584 871 3683 requisitam
889 3610 968 3660 nou
984 3587 1119 3660 adesse
1136 3585 1178 3659 in
1195 3585 1333 3661 diebus
1351 3585 1458 3661 festis

221 3702 451 3800 suppressis,
487 3726 611 3798 neque
645 3708 691 3775 ut
723 3700 845 3775 missa
876 3708 1077 3799 repetatur
1109 3700 1151 3776 in
1185 3725 1322 3776 eorum
1356 3727 1456 3777 com·

221 3821 382 3893 modum
416 3816 483 3917 qui
518 3818 665 3892 vellent
694 3825 899 3917 praecepto
933 3816 1153 3893 satisfacere
1186 3816 1229 3892 in
1262 3818 1346 3893 suis
1379 3818 1456 3918 pri·

220 3935 322 4010 vatis
339 3933 529 4026 oratoriis,
549 3959 673 4032 neque
698 3935 732 4007 si
757 3933 859 4009 alius
882 3935 1060 4010 sacerdos
1077 3933 1212 4009 haberi
1235 3934 1373 4033 possit,
1391 3934 1456 4036 qui

220 4050 357 4149 populi
376 4048 593 4124 necessitati
611 4051 740 4125 valcat
766 4050 996 4125 satisfacere.
1047 4051 1235 4125 Attamen
1259 4051 1457 4150 hucusque

221 4167 331 4241 nulla
356 4165 530 4263 praecisa
554 4166 691 4263 regula
707 4165 833 4240 voluit
850 4166 1024 4241 Ecclesia
1048 4166 1311 4242 determinare
1335 4193 1454 4266 quan·

220 4284 365 4358 donam
390 4281 564 4380 alioquin
596 4281 773 4380 legitima
797 4282 861 4356 vel
891 4282 971 4357 i1no
997 4281 1213 4357 necessaria
1237 4283 1292 4358 sit
1316 4284 1456 4359 missae

220 4397 384 4474 iteratio.
455 4396 600 4472 Maluit
633 4398 763 4496 potius
802 4423 886 4473 rem
921 4399 1203 4473 decernendam
1237 4399 1456 4499 relinquere

216 4515 363 4612 judicio
390 4513 686 4589 Ordinariorum
712 4521 756 4589 ut
788 4513 829 4588 in
865 4513 1074 4612 prudentia
1107 4520 1147 4588 et
1170 4515 1361 4592 charitate
1387 4541 1456 4592 sua

255 4679 342 4731 ‘Vide
354 4681 383 4731 in
395 4681 544 4748 Appmdrcr,
557 4680 648 4746 [1233.
