3142 5242
226 419 267 481 56
464 433 649 481 rrrunus
678 433 859 480 111.-nn
887 433 1027 481 curru
1056 433 1223 483 o1v1n0.

679 823 894 898 CAPUT
935 823 1005 898 ΙΙ.

362 1008 426 1083 Du
453 1009 776 1083 Unmonnrrarn
804 1028 849 1081 ru
876 1007 1018 1081 Fnsrrs
1045 1005 1321 1082 scissurus.

274 1176 359 1253 107.
399 1182 420 1218 “
434 1174 657 1249 Dolendum
687 1173 846 1271 quidem
876 1172 970 1265 est‚”
1005 1171 1168 1247 confessi
1200 1180 1293 1248 sunt
1323 1173 1463 1251 Patres

223 1291 336 1367 Cone.
363 1291 476 1367 Plen.
503 1290 608 1366 Balt.
635 1290 704 1383 IL,
739 1295 924 1364 “tantam
958 1288 1061 1364 inter
1094 1313 1165 1364 nos
1199 1287 1241 1364 in
1273 1290 1384 1366 festis
1418 1316 1464 1368 ac

216 1406 379 1506 jejuniis
403 1405 658 1483 observandis
681 1404 982 1504 discrepantiam
1005 1403 1207 1480 inveniri”
1236 1405 1329 1504 (No.
1353 1407 1460 1506 382).

221 1523 259 1599 N
262 1549 304 1599 ec
320 1523 358 1599 N
362 1523 445 1599 obis
462 1523 621 1623 quidem
639 1521 771 1598 minus
788 1521 1000 1598 dolendum
1017 1520 1174 1598 videtur
1190 1548 1325 1621 quum,
1345 1530 1390 1600 ut
1413 1526 1462 1600 de

221 1639 348 1716 Fastis
381 1640 600 1739 loquamur,
630 1638 672 1714 in
707 1637 796 1714 aliis
829 1636 924 1713 locis
957 1637 1139 1738 quinque,
1170 1637 1212 1713 in
1247 1638 1337 1716 aliis
1367 1666 1461 1717 vero

220 1781 373 1850 novem,
400 1755 442 1831 in
467 1755 557 1832 aliis
582 1755 702 1831 etiam
727 1755 844 1854 plura
868 1754 1121 1848 celebrentur,
1148 1763 1187 1831 et
1213 1756 1349 1832 fideles
1373 1756 1460 1856 jam

220 1872 532 1949 animadvertere
556 1871 747 1970 incipiant
774 1878 891 1971 atque
916 1869 1064 1946 mirari.
1118 1870 1367 1972 Quamquam
1393 1872 1460 1950 vix

219 1989 334 2065 aliter
365 2014 429 2065 res
463 2014 505 2065 se
538 1989 682 2064 habere
715 1987 855 2086 potuit.
911 1985 1033 2063 Sicuti
1067 1986 1173 2063 enim
1206 1986 1248 2063 in
1285 1989 1460 2066 Ecclesia

219 2105 431 2181 universali
458 2105 705 2182 uniformitas
730 2104 909 2179 absoluta
933 2102 974 2179 in
1000 2104 1116 2179 rebus
1140 2103 1458 2204 disciplinaribus

217 2221 284 2297 vix
309 2221 509 2297 invenitur
534 2222 584 2296 ob
610 2245 737 2296 mores
762 2219 938 2295 diversos
963 2245 1061 2320 quos
1090 2219 1132 2296 in
1162 2228 1290 2297 terrae
1315 2222 1456 2322 ampli·

216 2338 354 2414 tudine
381 2337 587 2413 diversitas
615 2337 821 2412 hominum
849 2344 889 2412 et
914 2336 1088 2412 locorum
1116 2336 1277 2431 inducit,
1304 2337 1362 2414 ita
1388 2364 1458 2416 nec

217 2457 323 2554 apud
353 2480 424 2529 nos
454 2462 615 2554 propter
645 2452 831 2528 territorii
862 2451 1126 2529 extensionem
1156 2461 1196 2529 et
1225 2455 1456 2532 varietatem

215 2571 391 2646 fidelium
407 2597 455 2646 ex
472 2571 579 2645 omni
598 2570 759 2668 Europa
775 2569 838 2645 vel
864 2569 952 2645 aliis
978 2569 1097 2645 etiam
1115 2569 1253 2645 mundi
1277 2572 1457 2670 partibus

216 2694 536 2786 congregatorum
554 2686 666 2761 facile
683 2684 818 2761 haberi
836 2693 975 2785 potest.
1345 2680 1350 2687 ’

267 2805 351 2879 108.
380 2803 456 2879 His
473 2811 605 2878 tamen
629 2828 707 2877 non
732 2802 977 2879 obstantibus
994 2810 1152 2878 censent
1169 2802 1307 2879 Patres
1325 2806 1398 2881 hac
1415 2807 1455 2881 in

215 2945 259 2995 re
281 2919 589 2995 uniformitatem
607 2921 722 2994 valde
746 2920 1003 3017 profuturam,
1022 2944 1259 3019 operamque
1283 2923 1455 2997 dandam

216 3062 299 3111 esse
325 3043 370 3112 ut
394 3036 686 3135 quamprimum
713 3043 952 3134 procuretur,
975 3036 1168 3135 siquidem
1195 3037 1332 3113 dilatio
1359 3046 1453 3114 tem·

216 3152 323 3250 poris
341 3153 493 3227 nullum
511 3152 729 3227 remedium
748 3152 799 3226 sit
816 3153 995 3228 allatura.
1043 3152 1187 3227 Melior
1204 3161 1336 3228 autem
1354 3155 1454 3230 ratio

217 3294 293 3366 qua
328 3268 574 3343 uniformitas
617 3267 657 3342 in
697 3269 805 3344 festis
843 3269 1083 3344 celebrandis
1118 3268 1283 3344 obtineri
1318 3271 1453 3369 possit,

217 3383 400 3459 Patribus
413 3383 569 3460 videtur
586 3411 632 3459 ea
649 3411 732 3460 esse
749 3411 837 3484 qua,
856 3385 1074 3483 suppressis
1091 3385 1326 3484 quibusdam
1345 3388 1453 3463 festis

216 3501 282 3576 ubi
306 3502 432 3599 plura,
450 3507 490 3576 et
514 3527 591 3577 uno
617 3501 789 3577 alterove
812 3501 945 3576 addito
963 3501 1030 3577 ubi
1054 3501 1246 3600 pauciora,
1266 3527 1452 3579 numerus

216 3617 375 3717 quidam
393 3618 544 3692 medius
562 3644 633 3716 pro
651 3617 797 3693 cunctis
815 3617 1027 3716 provinciis
1044 3618 1221 3717 eligatur.

267 3734 351 3809 109.
379 3733 467 3808 Non
494 3735 651 3832 expedit
675 3759 803 3833 porro,
822 3741 864 3808 ut
890 3733 1199 3833 multiplicentur
1215 3734 1450 3835 impraesen-

214 3847 359 3924 tiarum
377 3851 475 3925 festa
492 3851 541 3925 de
559 3858 775 3948 praecepto.
823 3848 941 3925 Tristi
960 3850 1065 3926 enim
1082 3858 1284 3949 pastorum
1302 3853 1448 3952 experi-

215 3967 320 4041 entia
344 3973 495 4041 constat
519 3965 622 4041 inter
639 3966 721 4041 dies
745 3967 862 4041 festos
880 3991 976 4065 quos
1002 3966 1190 4042 habemus
1215 3992 1360 4066 paucos
1377 3969 1450 4045 rite
1532 3966 1536 3974 ’

214 4082 424 4175 observari,
455 4108 577 4181 quum
612 4082 654 4157 in
689 4082 738 4157 iis
770 4083 885 4157 multi
916 4083 1077 4158 missam
1108 4108 1185 4158 non
1216 4086 1380 4162 audiant
1412 4093 1450 4162 et

213 4199 341 4273 adhuc
366 4199 499 4296 plures
524 4223 549 4274 a
573 4198 772 4274 laboribus
798 4224 876 4273 non
904 4200 1144 4292 abstineant3
1171 4207 1212 4275 et
1231 4225 1274 4275 re
1291 4203 1448 4301 quidem

213 4339 307 4389 vera
324 4314 497 4388 maxima
513 4339 605 4413 pars
627 4324 849 4389 nostrorum
873 4316 1047 4390 fidelium
1065 4342 1130 4391 eos
1147 4316 1277 4392 debite
1295 4344 1448 4394 servare

215 4456 291 4504 non
311 4438 484 4527 possunt,
502 4430 597 4527 quin
616 4430 774 4505 unicum
792 4432 872 4505 fere
898 4431 1191 4507 sustentationis
1214 4434 1390 4510 medium
1407 4435 1446 4509 in

214 4544 419 4620 discrimen
439 4548 643 4620 adducant.
697 4547 859 4621 Laboris
884 4573 1052 4646 namque
1075 4549 1200 4646 pretio
1225 4574 1248 4624 a
1273 4552 1447 4649 patronis
