3142 5242
473 472 527 518 ns
555 472 813 520 samaraeus
842 473 1100 521 unromsus.
1361 457 1403 520 83

170 627 376 720 difficilius,
411 653 527 726 quam
568 627 834 704 immoderatis
869 628 990 703 animi
1033 627 1298 703 affectionibus
1332 652 1403 725 per

169 767 211 817 se
236 744 441 820 moderari.

220 862 305 935 162.
332 859 381 935 In
400 861 551 937 delectu
568 862 827 954 alumnorum,
846 862 913 961 qui
938 861 979 938 in
1006 861 1132 959 majus
1150 859 1401 936 seminarium

168 975 403 1052 admittendi
421 977 511 1072 sint,
524 1003 668 1077 magna
684 979 904 1053 adhibenda
922 977 996 1054 erit
1013 976 1187 1053 sollertia
1202 976 1244 1051 in
1262 1000 1401 1074 expen-

169 1093 298 1168 denda
339 1118 474 1168 eorum
509 1094 720 1187 vocatione,
754 1093 886 1170 indole
929 1120 973 1170 ac
1014 1093 1211 1186 moribus;
1255 1089 1402 1167 nemini

168 1216 302 1307 pateat
319 1210 458 1303 aditus,
478 1210 573 1310 quin
595 1211 814 1286 studiorum
837 1209 1073 1287 curriculum
1094 1235 1165 1309 pro
1183 1206 1402 1284 seminariis

168 1324 386 1402 minoribus
412 1327 707 1426 praescriptum,
733 1327 884 1426 integre
909 1352 953 1403 ac
978 1352 1065 1403 cum
1091 1324 1292 1402 sufficienti
1319 1348 1401 1399 suc·

167 1465 278 1517 oessu
296 1443 527 1536 absolverit3
553 1443 744 1543 singulari
761 1469 853 1520 vero
870 1444 1013 1520 mentis
1039 1443 1121 1548 acie
1146 1444 1197 1517 ad
1221 1440 1400 1517 candida-

167 1563 299 1633 torum
316 1559 502 1658 pietatem
522 1560 700 1660 vitaeque
723 1560 988 1660 integritatem
1013 1560 1292 1636 attendendum
1316 1558 1401 1651 erit,

167 1699 290 1776 quum
320 1676 558 1774 experientia
586 1683 745 1770 constet,
777 1677 982 1752 mediocris
1011 1674 1158 1776 ingenii
1188 1675 1304 1766 viros,
1334 1674 1402 1774 qui

167 1791 311 1890 spiritu
336 1792 589 1869 eeclesiastico
616 1818 659 1868 ac
677 1818 768 1869 vero
795 1793 1014 1868 animarum
1039 1792 1121 1868 zelo
1144 1791 1225 1867 sint
1248 1790 1400 1883 imbuti,

167 1907 366 1984 uberiores
389 1909 537 1985 fructus
561 1911 698 1985 afferre
719 1910 760 1985 in
778 1909 906 1985 Vinea
923 1908 1082 1985 Domini
1101 1934 1218 2008 quam
1239 1932 1315 1998 eos,
1333 1906 1401 2006 qui

167 2021 254 2099 istis
279 2025 432 2101 eximiis
455 2025 611 2102 dotibus
628 2026 805 2103 destituti
830 2025 1006 2102 doctrina
1031 2032 1070 2101 et
1094 2025 1255 2102 scientia
1279 2023 1400 2099 excel·

167 2139 267 2216 lunt.
324 2142 453 2240 (Conc.
470 2167 581 2242 prov.
600 2142 738 2219 Venet.
757 2168 791 2218 a.
811 2144 938 2239 1859.)

219 2260 304 2334 163.
339 2258 452 2334 Nihil
474 2259 712 2335 intentatum
731 2259 956 2359 relinquant
976 2260 1238 2335 moderatores
1259 2264 1300 2334 et
1319 2244 1399 2333 ma·

166 2372 280 2473 gistri
298 2400 446 2450 necnon
472 2383 514 2451 et
537 2375 746 2452 directores
763 2374 997 2474 spirituales,
1016 2384 1060 2451 ut
1082 2375 1209 2450 clerici
1228 2373 1400 2450 muneris

166 2489 209 2565 in
226 2492 332 2589 quod
348 2491 561 2590 adspirant,
580 2493 773 2568 excelsum
797 2494 963 2592 gradum
987 2499 1026 2567 et
1048 2491 1256 2566 sublimem
1274 2490 1399 2590 digni·
1470 2489 1473 2495 ’

165 2613 289 2682 tatem
309 2610 412 2683 recte
434 2608 668 2707 intelligant,
685 2608 923 2708 maximique
946 2607 1172 2700 aestiment;
1199 2615 1243 2683 ut
1265 2607 1399 2683 sedulo

166 2725 283 2799 corde
307 2726 531 2825 expendant
552 2730 705 2801 tantam
731 2724 945 2801 vocationis
970 2750 1063 2800 suae
1087 2723 1336 2800 altitudinem
1361 2730 1401 2798 et

166 2840 446 2934 excellentiam,
480 2867 579 2941 quae
613 2841 828 2941 angelicam
862 2841 992 2940 potius
1026 2866 1144 2940 quam
1186 2840 1398 2915 humanam

165 2957 340 3057 postulat
355 2959 704 3052 conversationem
722 2958 854 3033 nullus
867 2957 971 3033 enim
989 2964 1049 3032 est
1065 2956 1251 3032 efficacior
1263 2957 1398 3032 stimu-

166 3072 229 3148 lus
255 3074 306 3149 ad
334 3072 553 3183 incitandos
579 3072 784 3149 hominum
810 3073 973 3166 animos,
1000 3081 1045 3149 ut
1073 3071 1256 3173 dignitati
1281 3098 1398 3173 quam
1427 3091 1433 3101 ’

165 3197 357 3289 appetunt
390 3215 504 3289 pares
537 3215 580 3266 se
611 3191 788 3285 reddant,
819 3216 863 3266 ac
895 3197 1051 3265 sanctae
1084 3215 1178 3266 suae
1207 3189 1398 3264 vocationi

165 3305 271 3382 vitae
295 3307 500 3382 sanctitate
523 3309 795 3406 respondeant,
812 3332 931 3408 quam
956 3305 1043 3406 ipsa
1069 3305 1271 3405 dignitatis
1288 3331 1397 3381 voca·

165 3421 361 3522 tionisque
377 3422 444 3522 pia
466 3430 508 3498 et
528 3423 685 3498 assidua
700 3423 968 3499 consideratio.
1021 3421 1138 3498 Omni
1156 3422 1246 3497 nisu
1261 3448 1397 3498 conen·

165 3545 233 3615 tur
248 3563 314 3615 eas
336 3539 509 3614 alumnis
533 3539 703 3615 inserere
719 3540 884 3615 virtutes
901 3565 1066 3639 quarum
1090 3540 1240 3615 defectu
1256 3547 1398 3614 *nostra

165 3655 261 3731 haec
285 3662 392 3731 aetas
419 3655 647 3754 praesertim
668 3656 846 3732 laborare
872 3655 1186 3754 deprehenditur,
1203 3654 1399 3753 imprimis

165 3772 440 3865 humilitatem,
458 3772 730 3864 obedientiam,
748 3772 994 3872 debitamque
1007 3771 1275 3871 'superioribus
1291 3796 1396 3847 reve·

165 3888 346 3965 rentiam.
381 3888 554 3964 Caveant
564 3888 729 3986 juvenes
746 3891 796 3964 ab
812 3889 1068 3964 immoderato
1085 3888 1267 3988 propriae
1283 3887 1397 3963 liber·

164 4006 258 4082 tatis
281 4031 425 4098 amore,
443 4005 493 4080 ab
514 4003 602 4080 odio
624 4004 807 4080 salutaris
830 4005 1036 4104 cujuslibet
1057 4004 1157 4080 freni
1180 4012 1220 4079 et
1241 4005 1399 4103 regulae

165 4121 423 4221 impatientia,
449 4146 525 4221 quo
550 4119 647 4196 vitio
674 4122 827 4196 nullum
853 4121 962 4197 aliud
987 4121 1216 4196 sacerdotali
1242 4119 1398 4220 spiritui

166 4238 292 4338 magis
315 4244 375 4313 est
398 4236 647 4314 contrarium.
700 4237 776 4326 Qui
799 4237 905 4314 enim
928 4237 985 4313 ita
1007 4238 1188 4338 propriae
1208 4235 1398 4311 voluntati

165 4354 382 4446 inhaerent,
395 4354 500 4453 leges
517 4360 557 4430 et
573 4361 720 4429 statuta
736 4379 852 4452 saepe
864 4362 1123 4447 contemnent,
1137 4353 1397 4453 superiorum·

166 4497 241 4572 que
267 4470 612 4548 ecclesiasticorum
642 4470 932 4570 sapientissima
960 4472 1078 4547 etiam
1108 4473 1294 4546 mandata
1324 4469 1396 4544 fre·

166 4594 330 4687 quenter
371 4594 540 4685 carpent.
615 4588 743 4685 (Conc.
788 4587 903 4662 Prov.
948 4587 1162 4686 Burdigal,
1197 4612 1232 4662 a.
1269 4568 1417 4685 1859)

301 4706 365 4769 13-
