3142 5242
440 484 494 544 nn
525 486 675 532 causrs
704 486 1136 534 rrarnrrronrnnrnus
1341 464 1405 528 265

168 638 349 705 moderator
370 641 531 728 inquirere
549 640 678 708 debebit
699 644 889 730 probitatem
912 653 944 708 et
965 642 1217 724 credibilitatem,
1232 648 1265 705 et
1283 638 1325 704 ad
1346 637 1406 703 hoc

167 743 302 826 curabit,
325 753 362 808 ut
386 744 427 808 ab
452 767 562 810 eorum
592 747 748 832 parochis,
770 748 822 811 sin
848 749 955 813 minus
983 769 1003 811 a
1031 746 1174 835 personis
1199 743 1262 809 fide
1286 742 1404 828 dignis,

168 846 293 912 litterae
317 848 545 914 testimoniales
569 850 790 934 exhibeantur,
816 874 897 937 quae
922 852 1018 917 etiam
1043 851 1079 915 in
1104 850 1182 915 actis
1206 856 1301 914 erunt
1325 846 1405 911 refe-

168 950 293 1018 rendae.
1318 962 1322 972 ’

213 1057 230 1133 §
254 1057 306 1122 17.
336 1055 429 1123 Inter
447 1058 674 1124 examinandos
695 1060 802 1147 primo
821 1059 890 1126 loco
910 1060 1001 1128 venit
1022 1059 1078 1125 ille
1097 1058 1155 1147 qui
1175 1057 1405 1124 accusationem

167 1169 278 1225 contra
306 1162 546 1227 matrimonium
576 1164 689 1229 movit.
742 1164 798 1229 Ab
823 1164 885 1230 isto
910 1164 1144 1251 exquirendum
1168 1162 1238 1246 erit,
1260 1169 1298 1226 ut
1321 1158 1405 1224 clare

167 1263 379 1351 distinctaque
400 1275 540 1352 exponat
560 1266 768 1333 accusationis
788 1267 944 1350 titulum;
982 1266 1064 1332 sacta
1088 1267 1197 1332 omnia
1218 1264 1354 1330 fideliter
1373 1271 1405 1327 et

168 1367 314 1454 religiose
328 1380 461 1452 enarret,
476 1392 649 1458 eorumque
663 1371 865 1458 probationes
877 1371 1009 1454 afferat3
1031 1370 1282 1436 circumstantias
1295 1389 1405 1433 omnes

168 1482 201 1536 et
221 1472 340 1538 indicia
360 1483 500 1560 exponat
521 1497 603 1562 quae
623 1474 677 1541 vel
703 1498 744 1540 ex
765 1477 897 1562 propria
917 1475 1048 1540 scientia
1069 1474 1263 1561 cognoverit,
1286 1470 1340 1539 vel
1364 1493 1405 1537 ex

167 1575 306 1641 aliorum
328 1578 480 1643 relatione
500 1578 668 1662 didicerit3
702 1589 735 1644 et
755 1579 893 1667 denique
917 1579 1061 1644 nominet
1085 1586 1180 1643 testes
1205 1599 1285 1664 quos
1307 1576 1347 1640 de
1372 1597 1406 1640 re

168 1680 339 1746 instructos
352 1683 490 1765 sciverit,
506 1682 558 1748 vel
573 1683 686 1749 saltem
701 1685 907 1771 reputaverit.

214 1785 230 1861 ἓ
255 1788 305 1851 18.
336 1785 482 1851 Secundo
502 1786 571 1852 loco
584 1788 722 1854 veniunt
739 1787 889 1874 coniuges
906 1787 979 1874 ipsi,
994 1787 1051 1875 qui
1066 1809 1199 1872 semper,
1214 1795 1247 1851 et
1265 1807 1406 1850 seorsum

167 1887 274 1953 audiri
288 1888 414 1972 debent,
429 1898 467 1955 ut
481 1892 701 1979 uuusquisque
714 1913 773 1956 sua
789 1891 863 1956 iura
876 1892 970 1975 tueri,
985 1899 1016 1956 et
1031 1892 1177 1972 rationes,
1192 1889 1405 1969 deductiones,

167 2015 205 2057 ac
230 1991 313 2058 facta
336 1993 435 2060 allata
458 2004 516 2059 aut
539 1995 675 2079 reiicere,
699 2004 756 2059 aut
784 1994 944 2081 explicare
968 2003 1073 2081 queat.
1133 1992 1306 2074 Quaelibet
1333 2014 1407 2078 pars

167 2096 309 2162 examini
330 2098 470 2164 subiecta
491 2098 608 2185 poterit
621 2098 675 2166 vel
697 2098 785 2165 illico
806 2107 879 2186 post
899 2121 1042 2183 examen,
1058 2097 1112 2163 vel
1134 2097 1230 2162 etiam
1249 2096 1406 2181 deinceps,

166 2211 339 2287 antequam
368 2225 531 2289 processus
555 2202 732 2287 claudatur,
754 2225 940 2290 proponere,
963 2202 991 2266 si
1016 2201 1107 2284 velit,
1128 2200 1290 2283 amiculae,
1312 2221 1409 2285 super

167 2306 286 2392 quibus
309 2306 392 2372 alter
416 2308 535 2372 coniux
560 2308 603 2372 sit
627 2307 859 2372 examinandus
871 2332 880 2389 3
917 2317 950 2372 et
978 2315 1135 2393 quatenus
1160 2305 1256 2371 etiam
1281 2303 1323 2369 ab
1347 2302 1408 2368 hoc

166 2410 294 2475 articuli
316 2421 545 2498 proponantur,
560 2412 622 2476 erit
643 2412 761 2476 iterum
780 2410 925 2476 citandus
944 2411 1063 2476 coniux
1082 2409 1139 2496 qui
1161 2410 1286 2496 primus
1305 2407 1408 2473 suerat

166 2515 376 2598 examinatus,
391 2524 429 2580 ut
449 2538 545 2601 super
565 2515 708 2581 articulis
730 2514 771 2580 ab
789 2515 890 2580 altero
911 2514 1083 2601 propositis
1104 2512 1263 2578 audiatur.
1308 2511 1407 2575 quta

167 2641 298 2683 casuum
311 2618 531 2685 diversitatem
551 2642 572 2684 a
590 2619 779 2706 coniugibus
798 2618 1027 2706 inquirendum
1041 2619 1112 2700 erit,
1127 2626 1165 2683 ut
1183 2618 1291 2704 siqua
1309 2615 1407 2680 docu-

168 2733 276 2788 menta
304 2722 442 2788 habeant
469 2722 511 2788 ad
539 2747 635 2789 suum
664 2722 916 2804 matrimonium,
942 2721 996 2787 vel
1025 2721 1067 2786 ad
1095 2721 1297 2807 coniugalem
1320 2720 1406 2785 vitae

166 2827 426 2891 cousuetudinem
447 2828 630 2913 spectantia,
653 2850 690 2892 ea
709 2826 891 2908 exhibeant,
913 2825 949 2889 in
974 2836 1045 2891 acta
1068 2823 1267 2890 recensenda.
1311 2823 1405 2902 Quae

166 2930 358 2996 documenta
379 2931 606 3018 cuiuscumque
626 2931 753 3018 generis
773 2931 848 3012 siut,
868 2940 901 2995 et
922 2953 942 2994 a
963 2951 1163 3016 quocumque
1183 2928 1405 3010 exhibeantur,

166 3056 290 3120 semper
318 3044 414 3100 erunt
441 3036 640 3121 recipienda;
678 3043 711 3100 et
738 3034 943 3100 cancellarius
971 3034 1124 3098 adnotare
1151 3031 1280 3098 debebit
1307 3029 1404 3114 diem,

166 3160 317 3222 mensem,
332 3147 364 3203 et
377 3162 510 3222 annum,
525 3162 583 3204 nec
594 3155 661 3204 'non
677 3162 793 3204 nomeu
808 3137 897 3203 illius
910 3160 931 3202 a
944 3161 1010 3224 quo
1023 3137 1167 3202 exhibita
1181 3136 1321 3202 suerunt.

211 3243 227 3320 ἓ
259 3246 310 3309 19.
356 3243 391 3309 Si
420 3244 515 3309 ambo
547 3245 696 3330 coniuges
724 3243 893 3308 concordes
925 3243 960 3307 in
993 3241 1244 3327 depositionibus
1273 3241 1404 3323 suerint,

166 3346 347 3412 moderator
367 3357 510 3413 actorum
532 3357 564 3413 et
584 3347 730 3412 defensor
751 3346 948 3412 matrimonii
969 3345 1081 3411 sedulo
1102 3344 1274 3430 inspiciant
1294 3355 1404 3409 utrum

165 3451 250 3515 inter
268 3450 394 3516 eosdem
414 3451 547 3516 collusio
566 3451 784 3517 intercesserit.
828 3449 904 3515 Hoc
923 3450 957 3514 in
977 3472 1051 3515 casu
1070 3448 1199 3535 singula
1217 3457 1405 3534 argumenta

164 3564 276 3619 contra
300 3578 411 3620 eorum
432 3555 644 3641 depositiones
669 3577 710 3618 cx
735 3576 881 3640 proccessu
906 3553 1094 3619 resultantia
1118 3550 1266 3616 distincte
1290 3551 1404 3616 iisdem

165 3658 367 3741 obiiciantur,
382 3668 419 3723 ut
434 3659 555 3741 fraude,
570 3659 597 3722 si
612 3681 676 3745 qua
689 3657 797 3740 fuerit,
807 3656 938 3740 detecta,
950 3656 1077 3739 veritas,
1089 3655 1195 3742 quoad
1210 3656 1278 3720 fieri
1293 3655 1403 3741 pomit,

164 3762 305 3828 dilucide
319 3773 479 3849 appareat.

211 3867 226 3943 §
251 3869 302 3933 20.
334 3866 414 3932 Post
438 3867 587 3954 coniuges
608 3866 729 3933 citandi
754 3876 847 3931 erunt
873 3875 964 3930 testes
988 3865 1121 3947 inducti,
1143 3873 1268 3931 servata
1292 3886 1404 3929 eorum
1430 3904 1432 3908 -

165 3971 452 4036 examinandarum
467 3972 589 4036 ratione
602 3970 748 4056 superius
762 3969 929 4055 descripta,
944 3978 976 4033 et
990 3968 1157 4055 exquisitis
1175 3969 1217 4034 ab
1237 3967 1349 4032 iisdem
1364 3968 1403 4032 iis

166 4075 300 4156 notitiis,
321 4073 363 4140 de
384 4075 502 4162 quibus
523 4073 670 4139 instructi
695 4074 930 4138 existimantur.
975 4071 1247 4159 Interrogatioucs
1268 4071 1404 4157 siugulis

165 4176 336 4262 faciendae,
351 4187 448 4265 prout
468 4178 676 4243 accusationis
697 4176 823 4259 titulus,
837 4185 895 4241 aut
915 4175 1014 4241 allata
1035 4175 1192 4240 factorum
1214 4183 1247 4240 et
1267 4174 1403 4239 circum-

165 4282 356 4347 stantiarum
371 4283 542 4370 congeries
557 4281 611 4348 vel
632 4282 703 4367 ipsa
723 4281 854 4346 testium
876 4280 999 4345 indoles
1020 4291 1116 4367 atque
1129 4281 1284 4365 capacitas
1298 4278 1404 4364 requi-

166 4408 234 4451 rere
258 4385 417 4469 videatur,
443 4385 606 4473 sagacitati
630 4395 728 4472 atque
752 4382 940 4471 prudentiae
967 4383 1176 4449 moderatoris
1203 4393 1348 4447 actorum
1372 4391 1405 4446 et

166 4489 340 4556 defensoris
352 4490 477 4556 vinculi
492 4489 697 4577 reliquuntur
710 4489 768 4576 qui
790 4488 864 4553 illas
884 4488 1083 4570 concinnare,
1097 4509 1212 4574 augere
1226 4495 1283 4552 aut
1296 4486 1404 4550 immi-

166 4616 264 4659 nuere
277 4603 439 4680 poterunt,
453 4592 629 4658 dummodo
650 4602 757 4656 tamen
779 4613 904 4676 semper
917 4613 954 4655 ea
975 4591 1083 4655 onmia
1105 4590 1310 4676 inquirantur
1324 4612 1405 4676 quae
1455 4606 1458 4612 ’

1359 4904 1480 4919 ι
