3142 5242
255 467 310 514 DE
339 468 763 516 DlSPENSATIONIBUS
793 470 1224 517 MATRIMONIALIBUS.
1292 453 1353 516 251

122 623 259 710 innupta
273 635 423 692 maneret.
468 625 559 691 Haec
573 626 714 712 profecto
728 649 792 692 una
811 635 860 692 est
878 649 918 692 ex
937 626 1173 714 urgentioribus
1187 626 1299 708 causis,
1314 625 1356 691 ob

120 750 219 815 quam
240 729 336 794 etiam
358 729 479 815 plebeis
497 729 568 795 dari
588 730 670 796 solet
688 729 891 817 dispensatio,
906 730 1082 796 dummodo
1100 730 1215 816 copula
1232 739 1357 816 patrata

120 854 187 896 non
213 831 312 897 fuerit
331 834 393 898 sub
413 856 471 919 spe
491 834 644 899 facilioris
665 834 928 921 dispensationis:
963 857 1044 921 quae
1065 833 1301 899 circumstantia
1322 832 1355 897 in

119 934 353 1021 supplicatione
367 936 450 1002 foret
464 938 683 1024 exprimenda.

165 1042 195 1104 9.
219 1039 363 1123 Infamia
375 1042 521 1125 nrulioia,
536 1065 576 1107 ex
591 1042 769 1129 suspicione
783 1051 863 1126 orta,
878 1043 964 1130 quod
979 1042 1037 1108 illa
1050 1066 1108 1108 suo
1123 1041 1356 1129 consanguineo

119 1152 176 1207 aut
197 1144 286 1209 affini
308 1145 406 1210 nimis
428 1145 608 1229 familiaris,
629 1147 757 1234 cognita
780 1147 824 1212 sit
848 1146 1032 1230 abeodem,
1055 1147 1130 1212 licet
1153 1145 1292 1231 suspicio
1314 1145 1357 1209 sit

120 1246 210 1331 salsa,
232 1271 305 1314 cum
332 1272 447 1337 nempe
475 1250 539 1315 nisi
568 1250 808 1317 matrimonium
833 1251 1048 1333 contrahatur,
1075 1250 1190 1314 mulier
1214 1249 1357 1337 graviter

120 1351 284 1417 diffamata
298 1352 350 1418 vel
372 1354 508 1440 innupta
527 1364 711 1438 remaneret,
726 1354 779 1421 vel
795 1354 930 1441 disparis
944 1354 1136 1420 conditionis
1151 1354 1223 1419 viro
1236 1352 1357 1418 nubere

118 1454 256 1540 deberet,
270 1467 328 1523 aut
341 1458 455 1545 gravia
468 1458 586 1524 damna
599 1459 767 1525 orirentur.

164 1564 215 1627 10.
250 1561 447 1626 Revolidatio
473 1563 672 1645 matrimonii,
696 1562 784 1650 quod
813 1563 896 1629 bona
925 1563 987 1628 fido
1012 1572 1044 1629 et
1068 1563 1203 1650 publice,
1232 1571 1357 1628 servata

118 1663 302 1729 Tridentini
331 1665 445 1751 forma,
474 1675 671 1732 contractum
701 1677 770 1733 este
802 1669 880 1753 quia
907 1668 977 1732 eius
1004 1666 1172 1733 dissolutio
1197 1668 1258 1732 vix
1286 1667 1355 1731 fieri

117 1777 222 1854 potest
242 1770 312 1835 sine
333 1771 463 1857 publico
484 1770 643 1854 scandala,
665 1780 697 1837 et
717 1772 812 1859 gravi
832 1770 961 1855 damno,
983 1771 1168 1859 praesertim
1189 1770 1355 1853 foeminae,

117 1895 144 1937 c.
162 1874 191 1938 7.
207 1874 246 1937 dc
259 1876 461 1958 wasonpuin.
506 1876 555 1940 At
569 1875 596 1940 si
611 1875 696 1941 mala
710 1875 773 1940 fide
786 1874 895 1961 spousi
909 1875 1038 1961 nuptias
1053 1875 1204 1957 inierunt,
1218 1874 1355 1961 gratiam

115 1975 362 2064 dispensationis
391 1979 524 2044 minime
553 1988 724 2063 merentur,
747 1979 793 2044 sic
820 1977 1008 2066 disponente
1036 1977 1135 2044 conc.
1157 1977 1250 2044 Trid.
1275 1977 1354 2044 Sera.

115 2099 237 2164 xxrv,
252 2105 321 2168 cop.
338 2086 359 2147 5
374 2082 413 2146 de
425 2082 548 2167 rrffmm.
563 2083 697 2149 matrim.

162 2189 213 2279 11.
254 2186 433 2250 Perimdum
460 2187 650 2251 matrimmrii
676 2188 774 2271 minti,
803 2187 858 2255 vel
887 2210 992 2252 coram
1020 2186 1189 2252 acadrolr'co
1216 2188 1356 2252 mimatro

114 2289 298 2356 celebrandi.
350 2290 491 2371 Quando
513 2290 693 2377 periculum
714 2290 812 2374 adest,
833 2290 923 2378 quod
944 2291 1088 2357 volentes
1113 2290 1355 2356 matrimonium

115 2393 150 2457 in
172 2393 282 2481 aliquo
303 2395 400 2460 etiam
425 2418 467 2460 ex
492 2395 667 2461 maioribus
691 2394 845 2482 gradibus
866 2394 1060 2479 contrahere,
1082 2418 1124 2459 ex
1148 2393 1356 2482 denegatione

113 2496 359 2583 dispensationis
380 2499 423 2564 ad
446 2498 630 2563 ministrum
652 2498 863 2565 acatholicum
884 2498 1034 2564 accedant
1054 2521 1114 2585 pro
1128 2498 1253 2584 nuptiis
1273 2497 1354 2564 cele-

113 2707 191 2793 quia
212 2706 301 2772 adest
326 2730 391 2771 non
418 2706 514 2773 modo
538 2706 767 2793 gravissimum
789 2706 933 2771 fidelium
958 2705 1154 2789 scandalum,
1176 2705 1232 2771 sed
1258 2706 1354 2771 etiam

113 2810 213 2876 timor
234 2811 457 2896 perversioniS,
475 2820 507 2876 et
528 2809 712 2875 desectionis
736 2833 755 2875 a
781 2809 845 2875 fide
864 2809 973 2875 taliter
993 2811 1169 2897 agentium,
1188 2819 1221 2875 et
1242 2809 1352 2875 matri·

114 2915 217 2980 monii
254 2915 482 3001 impedimenta
517 2915 798 2998 contemnentium,
824 2914 965 2979 maxime
1000 2914 1036 2979 in
1071 2914 1265 3001 regionibus,
1295 2914 1352 2979 ubi

113 3018 256 3084 haereses
285 3019 417 3106 impune
445 3028 639 3106 grassantur.
697 3018 740 3084 Id
768 3018 878 3084 docuit
906 3017 983 3084 haec
1010 3017 1045 3084 S.
1076 3018 1288 3106 Congregatio
1317 3018 1351 3082 in

113 3124 324 3188 instructione
351 3123 405 3188 dic
435 3126 476 3188 17
504 3124 586 3210 Apr.
614 3125 700 3189 1820
729 3122 770 3187 ad
799 3121 1086 3209 Archiepiscopum
1115 3122 1352 3202 Quebecensem

112 3227 197 3294 data.
244 3227 369 3293 Pariter
389 3251 463 3293 cum
477 3227 631 3295 Vicarius
645 3226 852 3312 Apostolicus
869 3226 1007 3291 Bosniae
1026 3226 1227 3313 postulasset,
1241 3237 1352 3292 utrum

112 3330 379 3419 dispensationem
401 3331 534 3418 elargiri,
552 3339 657 3418 posset
680 3331 720 3395 iis
734 3329 910 3396 Catholicis
924 3330 981 3416 qui
1001 3329 1130 3395 nullum
1149 3329 1240 3395 aliud
1261 3353 1352 3416 prae-

112 3445 228 3500 texunt
250 3435 421 3518 motivum,
437 3458 534 3522 quam
549 3457 702 3499 voeanmn
716 3456 868 3518 amorem,
883 3443 916 3499 et
937 3433 1034 3498 simul
1056 3434 1271 3521 praevidetur,
1286 3434 1352 3500 dis·

112 3540 296 3627 pensatione
332 3539 496 3627 denegata,
533 3562 587 3604 eos
622 3561 729 3603 coram
762 3537 866 3603 iudice
903 3537 1025 3602 infideli
1061 3538 1248 3625 coniugium
1285 3538 1352 3604 fore

112 3645 260 3726 inituros,
282 3643 316 3709 S.
340 3644 554 3730 Congregatio
576 3643 609 3709 S.
628 3642 736 3708 Officii
759 3641 793 3705 in
816 3642 890 3708 Fer.
906 3661 957 3709 1v.
976 3646 1017 3706 14
1032 3642 1120 3729 Aug.
1138 3645 1224 3707 1822
1244 3642 1351 3708 decre·

111 3749 180 3814 vit:
205 3750 225 3783 “
235 3748 492 3834 respondendum
506 3746 647 3830 Oratori,
662 3745 748 3833 quod
768 3747 802 3810 in
818 3746 963 3832 exposito
977 3769 1050 3810 <asu
1065 3756 1175 3810 utatur
1190 3746 1351 3812 facultati-

111 3851 172 3917 bus
195 3852 258 3917 sibi
282 3852 316 3915 in
339 3852 451 3917 Form.
474 3871 513 3917 11.
534 3851 721 3933 commissis,
744 3859 841 3936 prout
866 3851 900 3913 in
926 3850 1069 3914 Domino
1092 3850 1243 3936 expedire
1265 3849 1350 3915 iudi-

110 3954 264 4022 caverit.''
308 3955 524 4021 Tantumdem
547 3945 719 4019 dicendum
744 3953 784 4019 de
809 3954 960 4040 periculo,
985 3953 1072 4040 quod
1098 3977 1172 4040 pars
1197 3954 1351 4020 catholica

111 4084 184 4124 cum
199 4060 374 4125 acatholico
390 4056 631 4124 matrimonium
646 4058 802 4123 celebrare
815 4056 939 4123 audeat.

157 4167 208 4229 12.
247 4164 425 4228 Pem'mdum
453 4163 614 4226 incestatori
642 4161 870 4226 concubinatis.
915 4161 971 4226 Ex
1000 4162 1146 4248 superius
1176 4173 1350 4228 memorata

111 4267 320 4333 instructione
345 4291 397 4333 an.
424 4269 509 4333 1822
535 4266 647 4350 elucet,
669 4264 912 4351 dispensationis
937 4266 1124 4348 remedium,
1150 4288 1191 4330 ne
1215 4266 1290 4353 quis
1314 4267 1348 4330 in

111 4371 323 4436 concubinatu
337 4371 532 4436 insordoseat
545 4393 619 4434 cum
633 4369 763 4457 publico
776 4367 935 4451 scandalo,
944 4379 1040 4455 atque
1051 4368 1192 4434 evidenti
1206 4381 1350 4435 aeternae

112 4476 226 4540 salutis
239 4474 432 4557 discrimine,
447 4472 666 4539 adhibendum
680 4495 755 4538 esse.

157 4582 210 4645 13.
233 4578 413 4644 Pmicrdum
425 4577 614 4642 matrimonii
627 4577 734 4642 civilia.
779 4576 834 4640 Ex
848 4574 941 4640 dictis
957 4577 1168 4661 consequitur,
1184 4577 1350 4663 probabile
