3142 5242
421 471 475 517 nu
505 472 652 517 nrsnrs
682 473 732 516 ar
762 473 1143 520 arnsnrnnrnrnus.
1336 458 1399 519 125

163 633 231 720 tet,
253 633 298 703 ut
320 625 412 701 libri
436 627 610 702 salubres
634 652 751 703 sanae
772 626 970 703 doctrinae
990 636 1029 703 et
1049 628 1117 727 qui
1138 653 1228 703 vere
1248 628 1400 727 prosint

165 743 394 842 legentibus,
412 743 540 819 locum
561 768 773 842 pravorum
794 745 1003 843 suppleant
1024 745 1085 820 vel
1107 752 1397 843 praeoccupent.

165 862 186 907 *
218 861 240 906 '¹‘
273 861 294 906 '⁸
328 859 449 935 Haud
479 861 648 936 multum
679 885 772 937 sane
806 860 935 936 laudis
968 861 1010 936 in
1041 886 1086 937 eo
1117 868 1177 938 est
1210 870 1265 954 ut,
1296 862 1400 960 quod
1507 869 1510 872 ’

165 975 278 1075 impii
304 976 481 1052 homines
506 976 548 1051 in
571 1001 687 1052 causa
711 977 882 1076 pessima
906 978 1063 1070 faciunt,
1088 1003 1158 1053 nos
1183 977 1225 1053 in
1251 977 1401 1076 optima

165 1093 363 1188 faciamus,
398 1119 589 1193 quemque
622 1092 651 1169 ii
686 1095 894 1193 perdendis
929 1094 1133 1170 animabus
1167 1093 1402 1193 impendunt

165 1210 351 1302 laborem,
370 1235 440 1285 nos
466 1212 633 1286 cundem
658 1210 700 1286 in
727 1211 929 1287 servandis
954 1211 1250 1309 impendamus:
1278 1218 1320 1288 at
1335 1236 1400 1286 eos

166 1351 215 1402 ne
237 1327 321 1402 ulla
341 1326 498 1426 quidem
522 1353 570 1403 ex
592 1336 704 1426 parte
727 1327 928 1422 aemulari,
949 1327 1199 1426 turpissimae
1222 1326 1401 1426 ignaviae

166 1442 260 1519 est.”
317 1444 446 1543 (Cone.
482 1442 592 1519 Plen.
629 1443 732 1520 Balt.
769 1443 837 1537 II.,
867 1443 943 1520 No.
972 1444 1059 1537 498,
1092 1445 1195 1540 501.)
1250 1443 1402 1543 Scripta

166 1559 447 1659 Apostolorum
471 1567 512 1637 et
533 1568 755 1637 sanctorum
778 1559 943 1635 Patrum
970 1561 1088 1636 fidem
1117 1560 1265 1636 faciunt
1291 1560 1401 1635 libris

166 1701 287 1775 aeque
313 1701 358 1752 ac
384 1677 670 1776 praedicatione
697 1677 849 1752 fortiter
877 1701 1045 1752 crescere
1070 1678 1234 1753 verbum
1263 1676 1337 1752 Dei
1364 1684 1403 1753 et

166 1793 399 1868 confirmari.
463 1793 582 1868 Nefas
608 1819 700 1893 ergo
726 1800 786 1869 est
815 1801 899 1869 arte
928 1793 1209 1892 typographica
1240 1818 1318 1869 non
1346 1793 1402 1869 uti

167 1910 218 1984 ad
243 1909 507 1985 defensionem
528 1917 567 1984 et
590 1909 911 2009 propagationem
938 1909 1040 2003 fidei,
1059 1917 1098 1985 et
1115 1909 1402 1986 validissimum

167 2026 290 2101 telum
313 2025 355 2100 in
380 2026 559 2100 manibus
576 2025 749 2101 hostium
767 2026 998 2125 relinquere.
1050 2025 1109 2102 Ut
1128 2027 1275 2101 bonum
1298 2027 1402 2101 malo

167 2167 422 2241 opponamus,
451 2142 593 2218 iterum
621 2142 917 2241 promulgamus
944 2168 1043 2242 quae
1070 2142 1111 2217 in
1139 2142 1403 2241 superioribus

167 2258 350 2357 conciliis¹
363 2258 558 2357 sapienter
574 2258 647 2334 hac
670 2260 784 2334 dere
807 2260 960 2334 decreta
983 2259 1151 2335 fuerunt.
1204 2258 1342 2334 Clerici
1365 2265 1404 2334 et

168 2374 256 2450 laici
291 2375 358 2473 qui
393 2375 618 2451 necessariis
653 2375 808 2451 dotibus
842 2375 994 2475 pollent
1022 2374 1129 2450 omni
1159 2375 1300 2469 studio,
1331 2401 1404 2474 ope

167 2498 208 2568 et
241 2499 324 2566 arte
358 2492 480 2567 bonas
514 2491 664 2567 litteras
699 2492 886 2568 excolant.
945 2490 1140 2567 Ecclesiae
1174 2491 1402 2584 doctrinam,

167 2633 308 2702 mores,
320 2607 413 2707 jura
437 2615 642 2700 tueantur3
669 2633 792 2706 parva
817 2606 963 2707 scripta
985 2631 1085 2707 quae
1110 2607 1226 2707 longe
1250 2607 1404 2707 lateque

168 2723 483 2818 disseminentur,
501 2725 724 2823 frequenter
743 2725 873 2816 edant,
892 2723 1176 2823 Episcoporum
1196 2723 1403 2822 praesidio.

168 2839 347 2915 Maxima
369 2839 704 2915 commendatione
722 2840 863 2939 dignae
886 2847 979 2915 sunt
1000 2839 1202 2915 societates
1226 2841 1277 2915 ad
1296 2840 1405 2914 evul·
1522 2838 1525 2845 '

167 2958 317 3057 gandos
352 2957 472 3032 libros
506 2963 546 3033 et
578 2958 806 3032 tractatulos
839 2956 1058 3032 catholicos.
1122 2955 1306 3055 Episcopi
1340 2981 1404 3031 eas

167 3074 327 3149 foveant
369 3073 596 3172 animosque
634 3075 783 3149 addant
815 3073 1071 3173 typographis
1107 3073 1328 3167 Catholicis,
1362 3080 1406 3148 ut

168 3215 304 3299 eorum
338 3215 456 3289 opera
489 3191 636 3265 bonum
671 3214 803 3264 semen
837 3188 947 3264 verbi
990 3189 1134 3288 ubique
1176 3198 1404 3287 spargatur3

142 3296 273 3406 'quod
300 3305 431 3405 aliquo
459 3308 574 3382 modo
601 3308 669 3382 fiet
694 3305 729 3380 si
756 3313 922 3381 rectores
949 3305 1198 3379 ecclesiarum
1226 3312 1407 3404 satagunt

167 3423 291 3498 bonos
321 3422 441 3497 libros
472 3422 721 3520 suppeditare
751 3421 934 3520 erigendo
970 3420 1222 3496 bibliothecas
1253 3420 1294 3495 in
1325 3421 1405 3496 suis

169 3538 376 3638 parochiis.

220 3657 306 3731 226.
342 3654 421 3730 Eos
447 3655 567 3754 igitur
592 3654 750 3731 clericos
775 3661 814 3730 et
844 3654 962 3729 laicos
988 3654 1095 3729 omni
1126 3654 1241 3730 laude
1267 3654 1406 3752 dignos

168 3772 369 3865 habemus,
399 3771 467 3871 qui
497 3778 566 3848 aut
599 3770 710 3846 libris
743 3771 827 3846 sive
860 3796 984 3869 parva
1017 3770 1100 3846 sive
1130 3796 1274 3869 magna
1304 3772 1406 3847 mole

169 3887 395 3979 scribendis,
422 3897 491 3963 aut
515 3887 829 3986 ephemeridibus
855 3887 1131 3962 concinnandis
1156 3912 1240 3962 rem
1267 3887 1405 3961 Catho-

169 4005 286 4080 licam
313 4005 419 4104 apud
450 4030 520 4080 nos
549 4004 735 4079 hactenus
764 4002 885 4079 tutari
916 4010 957 4077 et
986 4004 1224 4100 amplificare
1250 4011 1405 4078 conten·

170 4122 322 4196 derunt.
366 4119 572 4196 Praeclara
588 4145 723 4195 eorum
749 4119 791 4194 in
817 4119 991 4194 Ecclesia
1012 4119 1152 4195 merita
1173 4120 1311 4194 Patres
1328 4145 1407 4194 non

170 4237 298 4312 solum
324 4235 366 4312 in
392 4236 635 4336 amplissimo
653 4236 725 4311 hoc
743 4244 938 4310 conventu
955 4245 1067 4334 grato
1093 4235 1224 4311 animo
1242 4261 1406 4310 comme-

171 4354 371 4447 moranda,
386 4378 523 4429 verum
539 4353 670 4444 etiam,
689 4359 733 4429 ut
749 4377 823 4451 par
838 4358 908 4444 est,
926 4352 1196 4450 praedicanda,
1215 4375 1407 4427 commen·

171 4469 303 4545 danda
336 4475 376 4545 et
408 4468 591 4544 laudibus
624 4469 846 4544 extollenda
873 4468 1162 4566 judicaverunt.
1215 4467 1409 4542 Memoria

171 4608 307 4660 eorum
332 4584 374 4659 in
400 4583 667 4660 benedictione
691 4584 777 4678 erit,
800 4609 922 4695 quum
949 4609 973 4658 a
997 4583 1074 4681 piis
1099 4583 1298 4659 laboribus
1324 4583 1407 4682 qui·
