3142 5242
493 470 547 516 nn
576 470 701 517 noram
730 469 1091 517 accans1asr1crs.
1345 456 1406 520 231

170 627 267 691 ceteri
295 627 432 692 ecclesiis
462 626 495 690 in
525 626 648 712 Anglia
677 625 847 712 praepositi
859 652 868 707 ;
905 625 959 690 sed
992 636 1213 712 permanenter
1242 628 1408 694 institutus

216 925 246 986 5.
267 920 323 986 Ad
338 922 568 1008 praecavendas
579 922 776 1008 quaestiones
787 943 869 1008 quae
883 921 1047 1007 insurgere
1060 930 1198 1007 possent,
1210 920 1407 988 declaramus

169 1024 258 1110 quod
274 1025 484 1090 nonobstante
498 1026 626 1090 rectoris
641 1024 832 1089 missionarii
843 1023 1048 1110 deputatione
1063 1024 1171 1089 licebit
1185 1025 1355 1112 Episcopo,
1367 1025 1407 1091 de

169 1128 303 1193 consilio
318 1129 473 1215 Capituli,
489 1129 573 1194 intra
592 1129 711 1193 limites
730 1129 889 1193 missionis
903 1128 955 1192 cui
974 1130 1183 1214 praeponitur
1196 1152 1297 1194 novas
1310 1129 1406 1195 eccle-

169 1232 232 1296 sias
252 1233 395 1316 eondere,
410 1256 448 1298 ac
469 1233 648 1319 portionem
669 1233 832 1297 districtus
853 1232 967 1297 iisdem
988 1232 1171 1316 attribuere,
1189 1232 1218 1297 si
1239 1235 1406 1299 necessitas

169 1343 226 1399 aut
246 1336 369 1401 utilitas
390 1336 505 1423 populi
531 1337 644 1428 fidelis
659 1335 693 1401 id
721 1336 873 1424 requirat.
929 1334 1129 1422 Hujusmodi
1153 1345 1261 1402 autem
1287 1336 1406 1403 limites

168 1440 358 1525 quantocius
373 1440 525 1527 Episcopi
539 1439 666 1505 definiri
680 1449 800 1506 curent.

214 1543 256 1607 In
271 1544 381 1609 ceteris
395 1544 531 1609 eeclesiis
545 1567 600 1609 seu
616 1543 821 1610 missionibus
840 1534 999 1629 simplices
1015 1543 1217 1625 nrissionarii,
1232 1542 1274 1609 ad
1290 1554 1404 1609 nutum

170 1645 321 1733 Episcopi
343 1647 542 1729 amovibiles,
558 1652 666 1712 curam
687 1648 868 1713 animarum
891 1647 1065 1728 habebunt,
1083 1648 1169 1712 intra
1191 1647 1309 1712 limites
1331 1648 1405 1712 uni-

168 1752 282 1838 cuique
297 1751 443 1817 missioni
456 1752 498 1817 ab
514 1751 674 1838 Episcopo
689 1774 748 1837 pro
763 1761 906 1837 tempore
920 1751 1105 1837 assignatos.

168 2001 234 2076 Ex
261 2001 716 2078 Daca.vr11.Cono1n11
744 2003 871 2077 Pacu.
890 2002 1321 2078 Wasruoaasrsmsa.
1348 2003 1403 2079 II.

498 2119 562 2192 Du
586 2119 715 2193 Bonus
738 2116 1071 2193 Econnsrasrrors.

481 2284 554 2373 [Ad
561 2308 599 2372 p.
615 2289 668 2367 49,
683 2287 775 2352 o.‚90
785 2309 794 2365 ;
811 2307 849 2370 p.
867 2286 940 2366 159,
955 2306 987 2349 a.
1005 2282 1096 2370 276.]

211 2438 280 2506 ΙΧ.
310 2438 355 2504 In
378 2439 467 2504 omni
491 2438 640 2504 missione
664 2437 815 2525 pecuniae
838 2460 919 2525 quae
942 2460 962 2502 a
984 2436 1134 2502 fidelibus
1157 2438 1404 2505 contribuuntur

165 2544 270 2608 modis
289 2543 375 2608 infra
388 2543 595 2625 recensendis,
610 2542 774 2607 habendae
792 2551 869 2607 sunt
887 2564 947 2627 pro
966 2533 1059 2606 bonis
1074 2541 1244 2625 Ecclesiae,
1260 2566 1325 2608 non
1344 2566 1403 2630 pro

166 2646 352 2711 muneribus
372 2645 457 2711 datis
477 2646 654 2728 sacerdoti3
682 2668 724 2710 ex
745 2667 783 2710 ea
804 2667 941 2732 namque
965 2645 1101 2732 pecunia
1121 2669 1186 2711 non
1209 2647 1314 2711 solum
1335 2649 1403 2733 ejus

165 2750 314 2815 honestae
336 2749 569 2831 sustentationi,
593 2748 649 2814 sed
672 2757 705 2814 et
727 2749 909 2834 sumptibus
932 2748 1075 2835 religiosi
1096 2749 1212 2832 cultus,
1236 2760 1403 2816 manuten-

164 2854 246 2918 tioni
265 2853 414 2937 fabricae,
428 2852 544 2918 debitis
558 2852 586 2917 si
601 2875 683 2940 quae
696 2853 761 2918 sint
780 2852 955 2934 solvendis,
969 2852 1105 2938 aliisque
1124 2852 1309 2940 hujusmodi
1328 2877 1403 2940 pro·

165 2957 340 3023 videndum
357 2966 414 3024 est.
458 2955 594 3039 Idcirca,
608 2957 637 3021 si
651 2955 810 3021 discedere
830 2979 851 3021 a
873 2955 1021 3021 missione
1042 2955 1138 3021 alicui
1159 2958 1313 3023 sacerdoti
1327 2982 1403 3024 con·

164 3062 274 3147 tigerit
288 3062 322 3126 in
337 3061 415 3126 anni
430 3083 536 3144 cursu,
550 3083 616 3125 non
631 3061 688 3146 jus
710 3059 805 3125 habet
823 3058 866 3124 ad
880 3069 983 3124 ratam
998 3069 1121 3145 partem
1138 3060 1289 3126 introitus
1303 3063 1403 3128 annui

165 3166 227 3230 nisi
246 3167 337 3251 prius
352 3164 536 3230 detrahatur
550 3187 624 3250 pars
637 3165 725 3249 juste
743 3161 936 3250 assignanda
955 3163 1022 3228 illis
1041 3164 1202 3250 impensis.
1248 3165 1402 3232 Similiter

164 3291 302 3356 eaquae
323 3268 507 3355 providerat
527 3290 588 3354 pro
607 3267 766 3332 Ecclesiae
787 3290 849 3333 usu
870 3290 912 3332 ex
934 3267 1013 3353 ipsis
1034 3266 1213 3334 redditibus
1232 3268 1401 3354 Ecclesiae,

164 3396 198 3438 v.
213 3397 245 3460 g.
268 3395 382 3454 cereos,
397 3372 511 3439 vinum
533 3395 593 3458 pro
614 3372 814 3437 sanctissimo
834 3372 998 3453 sacrificio,
1019 3393 1140 3436 sacram
1161 3373 1401 3459 supellectilem,

164 3485 237 3563 post
257 3500 291 3542 se
313 3477 491 3563 relinquere
513 3475 606 3541 debet
630 3475 750 3562 absque
773 3475 1038 3561 compensatione,
1059 3476 1121 3540 nisi
1143 3486 1286 3542 constare
1306 3478 1402 3544 faciat

165 3582 248 3647 hanc
261 3581 477 3668 provisionem
491 3602 626 3667 aequam
639 3580 796 3645 rationem
810 3579 969 3645 excedere.

209 3685 256 3751 X.
279 3686 432 3751 Diversas
446 3683 576 3770 quidem
594 3681 760 3748 methodos
776 3683 948 3769 colligendi
970 3683 1120 3769 pecunias
1138 3685 1400 3770 promissionum

164 3789 392 3855 sustentatione
414 3786 597 3873 praevalere
619 3786 768 3852 omnibus
793 3786 870 3851 satis
893 3796 988 3872 patet.
1034 3786 1206 3874 Sequentes
1229 3789 1264 3853 in
1287 3791 1401 3875 primis

165 3916 230 3958 non
255 3891 482 3979 improbandas
506 3913 679 3972 censemus,
702 3889 802 3955 donec
826 3890 941 3955 melius
966 3913 1023 3976 per
1046 3891 1231 3957 charitatem
1257 3894 1400 3958 fidelium

165 3997 332 4083 provisum
354 3996 459 4062 fuerit.
504 3995 589 4060 Sunt
610 3994 729 4082 igiturz

211 4102 262 4166 10.
284 4099 417 4165 Sedium
437 4122 493 4165 seu
515 4099 657 4164 locorum
678 4098 850 4185 assignatio
871 4098 964 4163 certis
986 4100 1128 4184 personis
1150 4121 1204 4164 seu
1227 4100 1360 4166 familiis
1381 4125 1401 4166 a

165 4205 283 4291 quibus
298 4204 512 4291 compensatio
527 4203 737 4269 determinata
751 4203 846 4268 datur
860 4203 1015 4268 ecclesiae.

210 4311 262 4375 20.
285 4308 445 4375 Collectae
457 4308 499 4373 ad
513 4306 711 4373 offertorium
726 4307 760 4370 in
775 4307 903 4372 ecclesia
917 4306 1026 4373 factae.

210 4414 262 4479 30.
286 4411 352 4477 Pro
365 4411 594 4477 consuetudine
607 4409 797 4496 generaliter
811 4410 844 4474 in
856 4409 979 4495 Anglia
993 4410 1131 4497 vigente,
1143 4411 1260 4478 solutio
1275 4415 1401 4478 nummi

165 4514 366 4581 determinati
382 4517 479 4600 juxta
493 4514 680 4602 qualitatem
702 4513 764 4578 loci
784 4513 970 4599 occupandi,
985 4513 1027 4578 ab
1043 4515 1081 4579 iis
1096 4515 1152 4601 qui
1175 4515 1280 4580 locum
1301 4519 1401 4606 assig-

165 4630 278 4684 natum
292 4643 358 4685 non
372 4619 501 4702 habent,
515 4619 633 4684 nolunt
646 4640 724 4686 vero
739 4617 846 4684 locum
860 4618 1007 4702 liberum,
1023 4629 1061 4684 ut
1074 4619 1175 4702 aiunt,
1190 4643 1351 4707 occupare.
