3142 5242
176 405 238 467 154
326 418 510 465 rrrunus
539 418 715 466 rx.—oa
743 418 868 464 norrs
896 418 1260 466 nccnnsrasrrors.

174 573 256 672 ojus
292 573 502 674 propinqui
545 574 617 648 sub
656 575 817 648 obtentu
853 573 1046 648 Ecclesiae
1080 571 1412 671 proscribantur.'’

179 691 286 791 (Can.
306 694 383 790 Ap.
404 692 482 791 40.)

221 809 308 883 269.
342 807 594 883 Summorum
620 807 854 883 Pontificum
881 834 924 883 ac
947 807 1294 883 Praedecessorum
1321 831 1408 882 nos·

170 929 321 998 trorum
346 949 441 998 cura
465 924 515 999 de
539 923 653 998 bonis
678 923 847 999 externis
873 922 1068 998 Ecclesiae
1092 922 1164 998 hac
1184 922 1226 997 in
1249 922 1408 1021 regione

171 1064 304 1116 secure
331 1039 573 1139 firmiterque
602 1039 805 1115 servandis
835 1046 982 1139 quanta
1010 1038 1138 1131 fuerit,
1164 1064 1213 1114 ex
1242 1038 1340 1114 actis
1367 1046 1407 1114 et

171 1154 334 1231 decretis
351 1154 601 1231 conciliorum
626 1163 848 1231 nostrorum
864 1163 946 1232 tam
964 1153 1264 1255 provincialium
1288 1180 1405 1254 quam

170 1271 436 1370 plenariorum
462 1279 642 1370 apertum
660 1278 731 1348 est.
783 1271 822 1347 N
823 1298 865 1347 ec
882 1270 1026 1347 minori
1043 1270 1082 1346 N
1084 1296 1126 1346 os
1143 1270 1405 1347 sollicitudine
1481 1364 1486 1375 ¹

169 1387 361 1463 bonorum
386 1388 546 1463 illorum
572 1387 771 1465 securitati
796 1389 1003 1488 providere
1019 1386 1171 1480 intenti,
1190 1385 1403 1487 Episcopos

169 1503 311 1580 iterum
345 1503 565 1604 iterumque
598 1530 813 1598 monemus,
839 1512 1039 1580 oneratam
1066 1529 1149 1581 esse
1176 1529 1290 1579 suam
1316 1528 1403 1579 con·

169 1619 382 1715 scientiam,
399 1627 445 1696 ut
468 1628 701 1696 testamento
718 1622 782 1697 vel
799 1621 877 1697 alio
894 1620 1012 1721 legali
1028 1622 1270 1715 documento,
1289 1628 1404 1719 prout
1421 1684 1424 1689 s

168 1737 350 1836 spectatis
367 1737 539 1812 locorum
558 1737 750 1836 adjunctis
763 1737 826 1813 vel
844 1738 976 1837 legum
993 1737 1034 1812 in
1052 1762 1123 1813 suo
1139 1738 1254 1813 Statu
1270 1737 1401 1837 vigen-

167 1853 267 1927 tium
293 1853 424 1929 indole
449 1853 590 1929 melius
615 1853 782 1947 videtur,
809 1879 965 1930 securae
990 1855 1180 1930 bonorum
1206 1853 1401 1929 ecclesias·

167 1968 335 2043 ticorum
359 1994 457 2068 quae
482 1994 602 2069 penes
619 1995 660 2045 se
677 1972 837 2047 suntad
854 1995 1090 2046 successores
1114 1968 1401 2046 transmissioni

167 2085 381 2161 consulant.
451 2080 583 2185 Hujus
616 2111 732 2186 porro
766 2085 1018 2162 instrumenti
1053 2087 1129 2162 duo
1164 2085 1402 2185 exemplaria

167 2201 379 2295 conficiant,
405 2227 573 2301 quorum
603 2228 680 2278 uno
711 2203 817 2301 apud
848 2228 889 2278 se
916 2201 957 2277 in
987 2201 1144 2278 archivo
1175 2202 1401 2278 dioecesano

166 2325 326 2411 retent0,
344 2318 512 2394 alterum
530 2320 635 2417 apud
654 2318 1001 2418 Archiepisoopum
1019 2320 1236 2417 deponant;
1264 2318 1401 2394 Archi·

166 2433 368 2541 episcopus
402 2442 533 2509 autem
569 2437 675 2533 apud
707 2434 899 2511 seniorem
940 2435 1240 2533 suffraganeum.
1294 2435 1402 2511 Haec

165 2556 487 2626 testamentorum
504 2550 695 2650 depositio
709 2550 814 2626 intra
830 2556 909 2626 tres
927 2576 1079 2626 menses
1093 2577 1116 2626 a
1129 2576 1199 2625 sua
1216 2551 1402 2650 cujusque

164 2665 448 2742 consecratione
473 2667 632 2741 omnino
665 2668 745 2743 fiat.
802 2667 931 2766 (Cone.
960 2666 1069 2741 Plen.
1097 2667 1201 2742 Balt.
1230 2667 1298 2761 IL,
1327 2667 1400 2742 No.

167 2782 248 2856 191.
301 2781 514 2858 Ofr.etiam
534 2783 747 2877 Nmnoc.)

224 2896 360 2996 Neque
394 2898 578 2975 omittant
612 2902 660 2975 de
693 2899 806 2975 bonis
840 2900 921 2976 suis
956 2899 1126 2999 propriis
1166 2907 1400 2975 testamento

163 3022 337 3089 accurate
363 3022 402 3089 et
427 3015 590 3090 solerter
617 3017 786 3091 coniecto
817 3016 1049 3114 tempestive
1083 3016 1289 3114 providere
1325 3042 1400 3115 quo

163 3130 282 3222 nulla,
316 3129 413 3227 ipsis
448 3130 530 3205 vita
564 3131 849 3224 decedentibus,
885 3134 934 3207 de
967 3132 1123 3230 privata
1159 3132 1400 3230 proprietate

162 3244 368 3320 difficultas
388 3246 548 3323 oriatur.

211 3362 296 3438 270.
332 3362 463 3452 Quum
489 3364 675 3440 securitas
701 3366 892 3441 bonorum
918 3374 1141 3441 nostrarum
1163 3366 1399 3442 dioecesium

162 3503 185 3553 a
202 3478 455 3576 dispositione
473 3479 604 3578 legum
622 3480 795 3556 civilium
813 3483 930 3581 plane
948 3484 1175 3580 dependeat,
1191 3481 1397 3582 Episcopis

161 3618 336 3670 summae
376 3594 576 3694 religionis
609 3622 693 3671 esse
727 3599 842 3672 debet
875 3623 1019 3690 curare,
1056 3605 1100 3673 ut
1132 3623 1398 3698 quaecumque

160 3712 390 3786 documenta
428 3712 491 3786 vel
533 3708 794 3788 instrumenta
835 3713 877 3789 in
920 3715 1192 3814 qualicumque
1234 3716 1396 3790 demum

159 3827 350 3902 bonorum
375 3827 534 3904 illorum
562 3829 715 3927 negotio
742 3830 804 3904 vel
839 3830 1056 3905 ministerio
1091 3830 1325 3923 adhibenda,
1352 3857 1399 3907 ea

158 3943 308 4018 ratione
350 3945 553 4044 formaque
595 3945 712 4044 legali
751 3946 1029 4039 describantur,
1065 3945 1320 4023 conficiantur
1353 3973 1397 4023 ac

159 4060 415 4156 deponantur,
450 4069 493 4135 ut
528 4061 682 4160 negotia
724 4070 880 4161 peracta
914 4089 991 4138 non
1033 4068 1187 4138 tantum
1221 4062 1262 4137 in
1298 4065 1396 4139 facie

159 4173 352 4250 Ecclesiae
370 4177 433 4250 vel
458 4178 541 4251 foro
568 4177 833 4271 conscientiae,
851 4180 921 4253 scd
945 4179 1063 4253 etiam
1089 4203 1218 4252 coram
1247 4180 1334 4277 lego
1357 4187 1396 4255 et

163 4288 295 4386 judice
321 4292 507 4366 saeculari
526 4292 668 4386 valida,
686 4302 783 4388 rata,
800 4296 952 4393 fixaque
973 4295 1062 4369 sint.
1115 4293 1251 4393 Neque
1273 4295 1318 4370 in
1344 4295 1394 4370 iis

158 4406 322 4501 negotiis
340 4432 438 4506 quae
456 4416 496 4483 et
512 4408 666 4483 omissis
681 4409 811 4506 legum
829 4410 965 4485 formis
982 4418 1043 4485 sat
1058 4411 1173 4485 firma
1189 4419 1392 4508 apparent,

157 4520 353 4596 cautiones
378 4530 418 4597 et
442 4525 587 4597 formas
605 4549 628 4598 a
646 4525 731 4622 lege
748 4525 853 4599 civili
880 4535 1044 4600 statutas
1068 4525 1213 4625 negligi
1230 4526 1392 4624 permit-

42 4812 163 4940 ἱ
