3142 5242
173 446 235 510 150
323 462 507 511 rrruuus
535 462 711 513 rx.-1>n
739 462 866 512 roms
895 462 1259 511 acennsrnsrrcrs.

170 616 288 691 dendi
305 627 523 718 competere
541 619 674 694 nullus
692 643 863 717 unquam
881 641 1022 715 negare
1039 641 1155 692 ausus
1172 623 1244 691 est.
1285 618 1402 695 Recte

169 732 260 807 hino
277 735 463 809 damnata
479 741 540 811 est
558 759 693 810 eorum
716 732 909 810 sententia
924 730 993 832 qui
1015 732 1168 809 dieunt:
1195 731 1402 809 “Ecclesia

170 874 247 924 nou
265 849 383 925 habet
399 850 576 927 nativum
593 857 633 927 et
655 849 876 949 legitimum
892 849 961 947 jus
978 846 1201 948 acquirendi
1218 872 1265 922 ae
1280 849 1399 951 possi·

169 965 321 1042 dendi.''
378 967 575 1067 (Syllabus
599 966 662 1043 Pii
685 966 773 1059 ΙΧ.,
795 968 815 1064 ᾗ
836 987 888 1062 v.,
909 989 1020 1065 prop.
1041 966 1172 1063 xxvi.)
1229 963 1401 1040 Ecclesia

168 1090 368 1181 praeterea
394 1090 439 1159 ut
463 1083 625 1181 societas
641 1084 811 1183 perfecta
835 1089 875 1158 et
899 1079 1207 1181 supernaturalis
1227 1106 1253 1156 a
1274 1088 1398 1181 potes·

126 1259 132 1271 .
167 1204 247 1274 tate
263 1199 369 1275 cirili
392 1200 507 1298 plene
531 1205 573 1275 et
596 1199 772 1275 absolute
791 1198 1057 1297 independens
1081 1203 1151 1288 est,
1168 1195 1249 1271 imo
1276 1198 1399 1273 multo

167 1314 240 1390 hac
273 1315 441 1390 nobilior
473 1314 736 1414 superiorque,
769 1320 905 1414 utpote
938 1338 1038 1414 quae
1069 1312 1111 1389 in
1145 1312 1220 1388 hoc
1252 1314 1398 1389 mundo

167 1432 335 1530 quidem,
359 1434 429 1507 sed
454 1458 531 1506 non
556 1433 605 1507 de
627 1431 700 1507 hoc
724 1433 882 1507 mundo.
935 1431 1062 1531 Igitur
1084 1428 1249 1529 insignis
1273 1429 1397 1529 impu·

167 1548 321 1623 dentiae
341 1548 398 1624 rei
422 1556 515 1623 sunt
536 1556 742 1623 novatores
764 1549 1048 1623 conclamantes
1066 1547 1298 1622 “conforme
1317 1571 1399 1623 esse

166 1690 195 1740 s.
209 1664 428 1763 theologiae
438 1664 617 1763 jurisque
629 1663 776 1763 publici
793 1663 1007 1763 principiis,
1020 1664 1210 1740 bonorum
1225 1663 1396 1763 proprie·

164 1787 287 1857 tatem
304 1806 403 1880 quae
419 1781 470 1857 ab
486 1780 667 1874 ecclesiis,
685 1805 709 1855 a
725 1780 886 1855 familiis
902 1779 1104 1879 religiosis,
1122 1778 1290 1878 aliisque
1306 1779 1397 1855 locis

165 1896 242 1997 piis
271 1897 531 1996 possidentur,
554 1896 662 1972 civili
686 1896 875 1996 gubernio
901 1921 1072 1971 asserere
1098 1901 1139 1971 et
1162 1893 1397 1972 vindicare.''

168 2013 279 2112 (Pius
310 2013 396 2105 ΙΧ.,
430 2013 574 2104 Quanta
599 2016 715 2110 carc.)
783 2013 920 2112 Neque
944 2014 1102 2088 demum
1133 2011 1266 2088 minus
1291 2014 1397 2089 dam·

165 2132 295 2205 nanda
317 2155 452 2205 eorum
481 2128 635 2205 insania
662 2129 728 2229 qui
757 2154 927 2205 asserere
955 2154 1033 2203 non
1063 2128 1246 2205 dubitant
1273 2154 1398 2205 sacros

165 2246 360 2322 Ecclesiae
393 2245 592 2321 ministros
625 2246 925 2346 Romanumque
955 2244 1182 2320 Pontificem
1210 2246 1262 2322 ab
1291 2245 1397 2321 omni

163 2388 296 2438 rerum
321 2362 599 2461 temporalium
622 2387 716 2438 cura
738 2386 783 2437 ac
799 2361 972 2437 dominio
993 2386 1077 2436 esse
1093 2361 1254 2437 omniuo
1272 2363 1396 2438 exclu-

164 2482 321 2555 dendos.
387 2478 514 2578 (Syll,
544 2478 570 2553 l.
601 2503 646 2572 c.,
675 2504 787 2578 prop.
818 2480 971 2576 xxvn.)
1037 2477 1333 2578 Sancte·igitur
1360 2484 1398 2555 et

161 2594 442 2672 inviolabiliter
462 2595 675 2671 tenendum
698 2602 758 2670 est
775 2594 844 2694 jus
866 2592 1065 2694 integrum
1085 2594 1340 2694 proprietatis
1360 2602 1398 2671 et

162 2711 380 2788 dominium
423 2711 464 2785 in
499 2711 601 2786 bona
635 2709 891 2786 ecclesiastiea
931 2710 973 2786 in
1009 2710 1182 2786 Ecclesia
1215 2711 1396 2787 residere.

164 2829 421 2926 Quaecunque
455 2827 535 2903 sint
566 2826 609 2902 in
644 2826 817 2902 Ecclesia
850 2827 1060 2921 societates,
1091 2827 1155 2902 vel
1189 2852 1396 2927 congrega·

161 2944 297 3036 tiones,
324 2943 488 3042 collegia
515 2943 578 3018 vel
608 2942 774 3035 ordines,
801 2943 885 3018 sive
915 2942 1102 3018 laicorum
1130 2942 1214 3019 sive
1242 2943 1397 3042 religio·

162 3086 305 3154 sorum,
331 3061 434 3135 bona
466 3059 709 3158 temporalia,
735 3085 834 3158 quae
869 3058 1064 3135 Ecclesiae
1098 3059 1256 3134 nomine
1286 3061 1397 3155 coho·

162 3184 373 3269 nestentur‚
392 3175 615 3275 acquirendi
633 3175 697 3250 vel
724 3174 948 3274 possidendi
975 3200 1044 3250 nec
1068 3183 1304 3275 potestatem
1329 3200 1405 3283 nee·

160 3293 224 3393 jus
249 3293 404 3386 habent,
432 3291 507 3367 nisi
533 3291 625 3391 quia
650 3299 689 3366 et
713 3299 904 3390 quatenus
930 3298 1022 3366 sunt
1049 3292 1225 3367 membra
1250 3291 1294 3367 in
1320 3317 1397 3368 uno

162 3408 356 3484 Ecclesiae
389 3432 560 3506 corpore.
612 3407 726 3497 Quod
758 3414 841 3483 tam
877 3433 1012 3483 verum
1047 3414 1107 3483 est
1140 3414 1194 3500 ut,
1229 3408 1264 3483 si
1300 3433 1398 3508 quae

161 3525 323 3600 societas
340 3523 596 3599 ecclesiastica
612 3525 661 3599 ab
679 3523 898 3599 obedientia
915 3523 1110 3599 Ecclesiae
1127 3524 1260 3600 debita
1275 3550 1397 3601 reces-

160 3641 256 3719 serit
279 3641 343 3716 vel
373 3666 397 3716 a
426 3642 503 3716 fide
537 3640 736 3715 Catholica
765 3640 1055 3738 apostataverit,
1082 3641 1191 3716 nullo
1223 3666 1397 3741 uuquam

159 3758 275 3834 titulo
296 3758 400 3832 bona
419 3756 675 3832 ecelesiastica
691 3781 856 3855 quorum
877 3756 988 3856 prius
1005 3756 1224 3832 dominium
1245 3757 1396 3850 habuit,

161 3874 235 3950 sibi
264 3874 475 3949 reclamare
508 3872 682 3971 legitime
716 3871 850 3970 possit.
900 3872 1026 3947 Seisso
1056 3873 1201 3949 etenim
1232 3872 1396 3949 unitatis

161 3989 437 4066 ecclesiasticae
471 3988 638 4081 vincula,
673 3988 863 4064 scinditur
895 3996 934 4065 et
967 3988 1107 4065 titulus
1140 3988 1398 4088 possessionis

160 4106 350 4184 bonorum
377 4105 582 4196 Ecclesiae,
608 4129 707 4204 quae
732 4104 990 4180 essentialiter
1015 4131 1094 4181 una
1118 4112 1189 4181 est.

211 4222 320 4297 Haec
344 4221 502 4320 quidem
528 4220 704 4296 doctrina
727 4221 812 4319 jam
841 4221 994 4320 pridem
1021 4247 1046 4297 a
1071 4222 1255 4298 Patribus
1281 4222 1396 4298 Cone.

162 4337 271 4414 Plen.
290 4338 394 4412 Balt.
414 4337 446 4411 I.
464 4337 680 4412 luculenter
697 4338 891 4412 declarata
907 4345 987 4414 est:
1015 4337 1250 4437 “Quidquid
1274 4338 1398 4437 igitur

161 4457 321 4529 offertur
344 4453 427 4530 Deo
454 4453 613 4551 ejusque
637 4452 760 4527 cultui
785 4462 1038 4547 consecratur,
1062 4454 1146 4529 sive
1169 4453 1274 4530 illud
1297 4462 1395 4530 tem·

161 4570 271 4668 plum
288 4569 419 4668 ipsum
444 4576 513 4661 est,
531 4567 573 4642 in
599 4592 674 4666 quo
698 4568 782 4666 ejus
804 4569 973 4643 cultores
997 4578 1295 4668 congregantur,
1313 4570 1397 4646 sive
