3142 5242
162 462 228 528 264
526 544 529 549 Ι
660 472 905 522 Arrnunrx.

160 636 288 720 dantur,
311 644 348 702 ut
369 658 420 701 eas
442 656 573 701 exarare
593 641 689 722 queat
710 628 1003 696 animadversiones
1024 650 1106 716 quas
1130 626 1273 693 tuendae
1293 625 1395 691 matri·

162 741 262 805 monii
279 739 439 805 valiclitati
460 738 648 804 necessarias
667 735 858 802 iudicaverit
868 759 878 817 ς
899 734 928 799 si
942 733 1006 799 alia
1025 742 1098 799 acta
1110 730 1315 820 suggesserit,
1328 729 1397 793 haec

162 842 357 909 conficienda
379 843 512 908 omnino
534 850 652 925 erunt3
680 840 709 906 si
731 862 773 906 ex
795 839 862 905 iam
884 836 1035 905 confectis
1057 833 1307 922 deprehenderit
1326 832 1398 898 alias

161 947 269 1013 adesse
292 968 440 1033 personas
465 945 649 1012 testimonio
674 943 805 1010 ferendo
829 940 960 1009 idoneas
981 949 1015 1007 et
1036 948 1240 1027 opportrmas
1262 937 1397 1004 nondum

162 1050 367 1133 examinatas,
382 1050 441 1115 has
455 1049 594 1115 examini
609 1047 821 1114 subiiciendns
835 1054 1002 1133 proponet.

351 1284 354 1289 ,
430 1224 480 1288 De
493 1224 629 1288 methodo
644 1223 775 1288 attenua
789 1223 824 1286 ia
838 1222 916 1286 aeta
929 1220 1135 1307 conficimdia.

201 1377 217 1454 ἓ
235 1379 285 1442 12.
307 1377 491 1443 Constituto
502 1377 668 1461 tribunali,
680 1378 757 1443 haec
767 1386 912 1441 actorum
922 1373 1195 1440 conficiendorum
1205 1372 1290 1439 ratio
1299 1380 1400 1438 tenen·

163 1480 205 1546 da
215 1481 285 1547 erit.
323 1481 378 1546 Ab
389 1482 538 1547 omnibus
552 1490 584 1547 et
598 1481 735 1568 singulis
748 1480 970 1546 testimonium
980 1476 1116 1543 dicturis
1129 1476 1400 1543 modemtoracto·

163 1606 236 1649 rum
258 1595 330 1650 ante
352 1586 460 1651 omnia
482 1586 697 1651 iuramentum
719 1585 827 1672 exiget
840 1584 881 1649 de
895 1582 1031 1650 veritate
1044 1581 1190 1665 dicenda,
1205 1581 1281 1647 etsi
1302 1580 1400 1645 itare

162 1689 310 1775 postulet,
325 1691 422 1755 etiam
436 1691 476 1755 de
497 1698 616 1756 secreto
636 1688 806 1773 servando,
820 1688 995 1776 praemissa
1014 1707 1159 1774 congrue
1179 1685 1355 1751 monitione
1365 1679 1401 1746 de

164 1791 335 1857 imamenti
356 1795 530 1877 sanctitate,
546 1794 732 1882 praesertim
754 1792 783 1859 si
804 1789 1014 1859 examinandi
1034 1789 1131 1855 rudes
1151 1790 1221 1855 sint
1239 1797 1273 1855 et
1294 1785 1399 1877 ignari.

165 1893 387 1961 Iuramcntum
401 1897 627 1984 praestandum
642 1898 704 1964 erit
717 1897 810 1963 tactis
829 1895 947 1962 sanctis
961 1893 1161 1982 Evangeliis,
1177 1901 1211 1959 et
1224 1893 1261 1957 in
1274 1889 1401 1980 singulis

166 1999 368 2066 examinibus
383 1999 493 2066 eodem
507 2001 604 2067 modo
618 1999 836 2088 repetendum.

211 2103 226 2179 §
251 2106 303 2169 13.
333 2105 403 2185 Qui
425 2105 566 2170 examini
588 2105 778 2171 subiiciendi
801 2113 888 2189 sunt,
910 2126 1054 2170 seorsum
1077 2124 1206 2190 semper
1226 2101 1400 2169 audiantur.

166 2206 269 2272 Porro
282 2208 488 2274 cancellarius
509 2209 677 2275 adnotabit
698 2208 796 2293 diem,
810 2232 964 2292 mensem,
979 2215 1011 2274 et
1027 2230 1150 2272 annum
1167 2206 1342 2272 cuiuslibet
1352 2226 1400 2270 ex·

165 2311 291 2395 aminis,
308 2335 364 2376 mc
378 2336 443 2377 non
457 2313 661 2401 singulorum
676 2336 804 2397 nomen,
819 2335 1006 2401 oognomen‚
1020 2320 1166 2393 aetatem,
1181 2309 1400 2390 conditionem,

165 2424 294 2495 statum,
310 2426 339 2480 et
355 2416 503 2502 patriam,
518 2426 551 2482 et
564 2417 660 2482 etiam
674 2415 761 2504 quod
780 2417 997 2482 iuramentum
1011 2437 1125 2481 revere
1138 2414 1364 2501 praestiterint.

212 2519 227 2595 §
252 2523 303 2584 14.
335 2520 414 2585 Post
433 2520 600 2607 quodlibet
621 2544 765 2604 examen,
780 2519 906 2587 etiamsi
926 2519 1038 2585 eadem
1059 2541 1197 2606 persona
1217 2518 1340 2606 pluries
1359 2512 1401 2581 illi

165 2622 361 2688 subiicienda
386 2624 438 2706 sit,
460 2624 666 2689 eurroellarius
687 2624 773 2690 clara
794 2633 826 2690 et
848 2622 1048 2712 intelligibili
1070 2645 1150 2690 voce
1170 2645 1282 2688 eoram
1303 2619 1401 2688 erdem

166 2725 250 2812 legat
273 2726 533 2813 interrogationes
555 2737 586 2793 et
608 2729 837 2814 responsiones
860 2728 943 2794 facta
964 2727 1068 2793 eidem
1089 2726 1243 2792 facultate
1264 2720 1400 2792 variandi

166 2840 222 2895 aut
247 2830 427 2895 declarandi
454 2832 612 2918 quidquid
639 2833 667 2897 ei
690 2832 798 2898 visum
824 2832 940 2897 fuerit:
974 2831 1091 2897 deinde
1116 2831 1185 2917 ipse
1210 2830 1400 2896 examinatus

166 2934 351 3015 subscribat,
375 2946 405 2999 ct
431 2936 458 2999 si
485 2935 582 2999 fuerit
609 2935 789 3018 illiteratus,
813 2937 909 3001 faciet
934 2937 995 3001 boe
1019 2935 1149 3023 signum
1176 2934 1344 3015 Cruffleis;
1370 2951 1400 2995 ac

167 3039 302 3124 denique
324 3038 502 3103 moderator
520 3049 663 3103 aetorum
683 3049 715 3103 et
729 3039 874 3105 defensor
894 3039 1072 3105 validitatis
1091 3038 1292 3103 matrimonii
1312 3057 1399 3122 appo·

167 3152 242 3206 nent
258 3165 348 3206 suam
363 3143 636 3229 subscriptionem,
651 3152 683 3208 et
697 3144 903 3209 cancellarius
918 3145 958 3209 de
971 3155 1045 3209 actu
1059 3143 1197 3230 rogabit.

213 3247 228 3323 ξ
251 3250 301 3311 15.
333 3245 368 3310 Si
388 3247 561 3333 aliquando
576 3248 739 3333 contingat
758 3248 987 3313 examinandos
1005 3247 1093 3334 apud
1112 3257 1239 3312 exteras
1253 3255 1286 3312 et
1304 3246 1397 3310 forsan

168 3350 361 3437 longinquas
376 3351 517 3436 regiones
532 3351 663 3433 versari,
678 3373 736 3415 nec
755 3351 910 3417 tribunali
931 3376 965 3417 se
983 3352 1094 3417 sistere
1107 3373 1209 3437 posse,
1224 3374 1246 3416 a
1266 3349 1397 3414 modem-

167 3466 235 3519 tore
248 3465 391 3521 actorum
406 3464 550 3519 securata
566 3455 722 3519 factorum
736 3464 768 3520 et
782 3455 1103 3540 circumstantiarum,
1115 3478 1255 3542 quarum
1269 3453 1397 3541 cognitio

167 3568 199 3624 et
224 3558 420 3624 confirmatio
450 3559 633 3646 requiritur,
655 3559 813 3645 expositio
842 3561 903 3624 erit
928 3558 1083 3642 facienda,
1105 3582 1189 3647 quae
1213 3554 1397 3623 concinnatis

168 3664 358 3750 opportunis
380 3663 693 3751 interrogationibus
713 3663 753 3728 do
774 3665 930 3729 sententia
951 3687 1078 3753 qnoque
1100 3663 1278 3728 defensoris
1299 3659 1398 3726 matri-

168 3769 279 3850 monii,
293 3777 325 3833 et
347 3769 495 3833 indicatis
517 3768 804 3833 examinandorum
827 3769 1022 3851 nominibus,
1037 3767 1078 3832 ad
1101 3767 1316 3832 Ordiuarium
1337 3761 1398 3842 loci,

168 3874 202 3937 in
226 3896 292 3960 quo
317 3883 565 3954 commorantur,
588 3872 745 3955 mittatur,
768 3882 806 3937 ut
831 3873 887 3937 illc
908 3874 978 3938 sive
999 3895 1056 3958 per
1077 3894 1120 3954 se,
1142 3873 1214 3936 sive
1236 3888 1398 3958 persuum

167 3978 324 4042 viuarium
345 3975 535 4063 generalem,
558 3976 626 4040 sive
651 3999 708 4062 per
732 3976 834 4041 alium
856 3978 966 4044 virum
987 3975 1126 4062 probum
1148 3985 1181 4040 et
1202 3983 1399 4062 expertume

168 4082 252 4146 clero
273 4081 468 4168 eligendum,
490 4103 542 4144 eos
568 4080 709 4144 examini
734 4080 882 4144 subiiciat
907 4081 999 4144 iuxta
1020 4079 1110 4144 datas
1136 4079 1398 4166 interrogationes,

168 4186 320 4274 requisito
334 4186 425 4271 prius
440 4185 617 4248 iuramento
632 4184 671 4248 de
685 4185 820 4250 veritate
834 4184 977 4266 dicenda,
989 4192 1022 4247 et
1035 4184 1165 4247 caeteris
1179 4183 1315 4249 servatis
1329 4198 1399 4268 quae

169 4314 265 4376 supra
279 4289 473 4376 praescripta
487 4299 571 4354 sunt.

213 4395 247 4460 Si
263 4418 339 4459 vero
360 4394 529 4480 eontigerit
547 4392 688 4480 aliquem
710 4392 850 4457 examini
870 4391 1105 4458 subiiciendum
1126 4393 1228 4456 evita
1249 4393 1399 4476 migmsse,

169 4501 282 4564 mortis
296 4500 521 4565 documentum
536 4497 620 4560 iuter
634 4508 703 4561 acta
718 4508 923 4562 recensetur.

215 4605 230 4681 ξ
255 4608 305 4669 16.
338 4600 456 4682 Quoad
478 4601 622 4687 singulos
644 4601 679 4664 in
702 4599 856 4664 iudicium
873 4609 1001 4665 vocatos
1015 4598 1069 4664 vel
1084 4599 1246 4665 vocandos
1267 4610 1398 4663 actorum
