3142 5242
611 471 665 517 nn
695 471 952 518 nrunrroas.
1336 442 1400 518 235

163 628 294 693 raritate
307 625 538 693 sacenlotum.''
583 628 660 708 Quo
674 629 779 714 posito
794 629 961 714 principio,
973 627 1066 693 facile
1079 636 1127 692 ost
1140 627 1294 714 quasdam
1305 649 1401 714 nega-

163 732 248 797 tivas
262 730 391 817 regulas
403 752 512 795 eruere
525 731 566 796 de
580 754 640 797 usu
655 731 827 814 facultatis,
843 731 883 796 de
897 754 962 818 qua
975 732 1093 818 agitur.

209 839 239 900 5.
270 835 321 899 Ac
337 835 442 920 prima
464 835 595 922 quidem
609 835 742 900 evidens
763 846 821 918 est,
843 834 930 901 haud
951 845 1035 901 recte
1055 837 1173 901 sentire
1194 837 1252 923 qui
1273 836 1400 918 diceret,

164 961 255 1025 posse
283 939 413 1003 missam
442 938 551 1003 iterari
579 938 692 1005 diebus
721 939 809 1004 festis
837 941 1024 1026 suppressis,
1053 940 1089 1004 in
1116 940 1235 1028 quibus
1262 938 1401 1027 populus

165 1043 294 1106 missam
315 1042 427 1107 audire
449 1065 513 1107 non
539 1052 675 1126 tenetur,
697 1042 968 1130 quemadmodum
990 1044 1117 1109 monuit
1138 1042 1401 1130 §.congregatio

164 1169 248 1210 anno
276 1148 360 1210 1837
383 1145 469 1211 hisce
489 1147 616 1213 verbis:
653 1148 733 1213 “Re
753 1155 873 1212 mature
888 1170 1055 1234 perperna,
1073 1171 1111 1212 ec
1132 1149 1233 1234 ipsius
1244 1147 1402 1232 formulae

165 1249 262 1313 verbis
281 1251 358 1313 satis
382 1250 465 1314 clarc
480 1251 596 1337 patuit,
610 1274 675 1315 non
690 1274 782 1339 posse
793 1252 968 1336 facultates
983 1252 1028 1316 ad
1049 1252 1218 1335 atropatus
1223 1251 1402 1336 festivitates

165 1353 293 1419 eatendi.
343 1353 421 1419 Ciam
434 1355 564 1418 enimin
576 1363 744 1420 manarata
754 1355 898 1440 formula
911 1356 1091 1438 declaretur,
1097 1355 1280 1440 facultatem
1293 1355 1401 1438 vabre,

164 1456 194 1520 ai
212 1458 374 1521 necessdas
393 1465 513 1541 urpeat,
526 1460 672 1544 sequitur,
688 1482 724 1522 eac
738 1483 772 1523 eo
786 1461 876 1523 unice
888 1460 984 1542 tituto,
999 1459 1083 1545 quod
1102 1459 1168 1523 dies
1182 1459 1229 1522 illi
1240 1457 1317 1542 sesti
1331 1459 1403 1521 olim

160 1560 288 1646 fuerint,
302 1584 367 1625 aaa
383 1584 474 1647 posse
487 1562 613 1626 massam
626 1562 673 1627 bis
686 1562 728 1627 ab
742 1563 845 1628 eodem
857 1563 1012 1627 sacerdote
1025 1561 1204 1628 saeorum?
1282 1582 1285 1586 ⁴

209 1668 239 1730 6.
262 1665 412 1730 Secundo.
436 1665 562 1730 Pariter
575 1665 744 1732 interdicta
758 1675 806 1732 est
820 1666 934 1732 missae
948 1667 1072 1731 iteratio
1087 1667 1121 1731 in
1136 1689 1247 1732 eorum
1262 1689 1403 1731 commc-

165 1767 255 1851 dum,
269 1768 327 1856 qui
341 1768 464 1836 vellent
477 1778 644 1856 praecepto
660 1770 812 1836 audiendi
825 1770 956 1835 missam
970 1771 1149 1836 satisfacere
1163 1771 1198 1835 iu
1212 1771 1279 1834 suis
1293 1770 1403 1856 priva-

165 1873 208 1937 tis
221 1872 362 1959 capellis.
408 1872 627 1939 Enarraverat
639 1897 724 1939 auno
740 1877 826 1939 1842
838 1874 992 1942 Vicarius
1005 1874 1212 1961 Apostolicus
1227 1874 1404 1960 Limburg-

165 1978 248 2041 ensis
269 1978 529 2042 consuetudinem
551 1977 586 2042 iu
607 2001 667 2042 suo
684 1978 856 2046 Vimriatu
877 1977 1026 2044 inolitam
1055 1977 1262 2065 permittendi
1290 1979 1404 2043 missae

166 2080 364 2146 iterationem
385 2082 422 2144 in
442 2082 552 2145 eastris
572 2088 788 2165 mapnatorum
795 2107 811 2160 ,·
833 2104 935 2168 quum
949 2092 1057 2146 autem
1071 2104 1137 2146 nou
1152 2090 1288 2168 putaret,
1303 2080 1354 2145 his
1368 2081 1403 2145 iu

165 2183 324 2249 adiunctis
338 2207 409 2250 eam
423 2186 638 2250 necessitatem
652 2207 727 2268 esse,
743 2207 825 2271 quae
838 2208 859 2250 a
873 2184 1040 2250 Formulis
1053 2185 1204 2272 exigitur,
1218 2185 1320 2272 petiit,
1332 2196 1403 2249 tum

166 2289 288 2353 ratione
307 2288 557 2370 consuetudinis,
571 2296 643 2353 tum
664 2289 797 2355 moralis
818 2287 979 2370 utilitatis,
993 2311 1076 2374 quae
1089 2289 1165 2353 iude
1186 2288 1403 2375 proveniebat,

167 2402 203 2456 ut
224 2392 286 2457 sibi
307 2393 478 2457 auctoritas
500 2393 588 2457 fieret
602 2391 637 2456 id
650 2391 867 2478 permittendi.
912 2392 962 2457 At
976 2390 1009 2458 S.
1025 2392 1239 2480 Congregatic
1260 2392 1405 2480 Inquisi-

165 2496 263 2561 tionis
284 2495 450 2579 iudicavit,
464 2496 554 2560 imm
567 2497 705 2583 seposita
717 2519 782 2561 non
795 2495 946 2583 eapedire.
990 2496 1168 2584 Quumque
1188 2497 1404 2561 sabiunxisset

166 2599 321 2668 Vicarius
335 2600 552 2687 Apostolicus,
567 2600 741 2666 nonnullos
754 2600 930 2665 sacerdotes
944 2623 985 2665 ex
999 2599 1185 2686 praehabita
1199 2599 1349 2665 facultate
1361 2600 1403 2666 ab

166 2705 234 2768 eius
255 2704 491 2790 praedecessore
512 2703 713 2769 iterationem
734 2704 849 2770 missae
868 2704 1029 2792 prosequi,
1043 2703 1199 2789 Suprema
1213 2703 1246 2769 S.
1263 2703 1404 2790 Congre-

166 2809 253 2894 gatic
268 2809 417 2890 decrevit,
429 2808 611 2892 facultatem
625 2831 686 2873 esse
698 2808 912 2891 revocandam,
927 2815 1075 2895 qautenus
1093 2807 1234 2872 Vecarius
1248 2808 1405 2894 Apostoli-

166 2934 221 2976 cus
234 2911 466 2996 Limburpeusis
474 2912 644 2998 prudenter
657 2913 694 2976 id
705 2912 782 2998 fieri
796 2934 889 2999 posse
901 2914 1054 2978 erastimet.

212 3017 243 3082 7.
277 3016 385 3081 Tertio.
415 3015 471 3081 Ex
493 3015 678 3082 huiusmodi
703 3015 952 3081 resolutionibus
973 3015 1120 3099 infertur,
1142 3014 1403 3082 consuetudinem

168 3144 232 3186 non
255 3142 321 3185 esse
342 3119 475 3184 titulum
496 3119 716 3204 sufficientem,
731 3129 768 3183 ut
785 3119 871 3184 idem
892 3120 1036 3185 sacerdos
1050 3119 1146 3184 offere
1160 3119 1210 3183 bis
1225 3120 1325 3205 possit
1339 3142 1404 3186 uuo

167 3225 340 3311 eodemque
361 3225 414 3289 die
435 3225 468 3290 S.
491 3223 698 3290 Sacrificium.
743 3223 843 3304 Quod
866 3223 963 3288 etiam
991 3233 1143 3288 consonat
1164 3247 1237 3288 cum
1258 3247 1296 3289 eo
1317 3222 1404 3310 quod

167 3327 276 3393 docuit
286 3327 478 3392 Benedictus
488 3327 595 3395 XIV.
609 3328 643 3392 iu
658 3327 769 3394 Const.
779 3327 957 3392 Declarasti
967 3326 1075 3410 Nobis,
1086 3325 1162 3392 data
1171 3328 1224 3392 die
1237 3330 1277 3393 16
1291 3327 1404 3392 Martii

169 3435 254 3498 1746
275 3431 318 3496 ad
341 3432 538 3518 Episcopum
560 3431 731 3496 Oscensem
753 3432 789 3496 in
811 3431 986 3518 Aragonia.
1043 3430 1180 3496 “Solum
1207 3431 1403 3516 inquirimus,

169 3535 321 3600 Pontifex
341 3537 398 3618 ait,
412 3543 516 3600 aarum
536 3557 575 3600 ea
595 3535 781 3599 mataledo
801 3536 951 3599 rationem
965 3535 1222 3622 praescriptionis
1236 3542 1292 3599 aut
1307 3558 1404 3622 prae·

167 3640 348 3726 sumptionis
357 3640 417 3703 sibi
431 3640 663 3726 comparaverit,
675 3646 701 3703 et
715 3639 1003 3725 utrumquesabum
1013 3645 1040 3702 et
1050 3640 1185 3702 alienum
1198 3637 1404 3705 iudicamus.”

170 3744 214 3808 Et
235 3743 277 3808 ad
298 3744 577 3830 praescriptionem
598 3742 686 3831 quod
708 3743 832 3827 attinet,
848 3743 973 3831 iuquitt
997 3743 1064 3808 “Si
1080 3744 1187 3807 etenim
1204 3750 1293 3807 turta
1307 3744 1406 3808 aniles

169 3848 245 3931 tepea
264 3855 390 3912 sanctae
402 3871 452 3912 rcs
466 3846 642 3934 praescribi
654 3869 720 3911 nan
736 3853 877 3933 possunt,
891 3847 1042 3911 maenum
1054 3847 1191 3932 undique
1204 3853 1246 3911 est
1263 3870 1405 3930 asserere,

162 3951 262 4036 juisse
278 3975 339 4038 per
347 3952 621 4037 praescriptionem
634 3950 756 4036 aliquid
776 3950 927 4014 obtentum
940 3951 987 4015 vel
997 3951 1185 4036 requisitum,
1199 3951 1283 4036 quod
1296 3951 1406 4015 ariver-

168 4062 249 4119 setar
258 4055 469 4120 sanctionibus
481 4054 706 4119 uniuersalibus
719 4055 883 4138 Bedaium
898 4077 1032 4140 quarum
1045 4054 1268 4119 observantiam
1277 4055 1311 4121 S.
1326 4055 1406 4120 Can-

170 4160 274 4223 cilium
291 4159 377 4225 Trici.
392 4159 427 4222 in
440 4160 606 4223 missarum
619 4158 817 4223 celebratione
835 4158 1043 4223 sacerdotibus
1063 4158 1203 4223 amnibus
1218 4157 1404 4245 praeeipit.'’

171 4262 222 4327 De
236 4263 492 4349 praesumptione
512 4271 619 4327 autern
639 4261 828 4347 subiungit:
850 4263 871 4297 “
880 4261 952 4345 Sed,
966 4261 1070 4326 ceteris
1084 4263 1320 4348 praetermissis,
1333 4262 1406 4327 sarb-

171 4366 282 4449 dimus,
296 4365 371 4431 baec
383 4366 512 4450 inteltipi
518 4388 611 4452 posse
624 4365 662 4429 de
675 4366 738 4429 iltis
746 4365 928 4451 priritepiis,
939 4387 1020 4451 quae
1032 4365 1193 4451 impetrari
1201 4369 1370 4451 potuissent
1383 4388 1406 4430 a

171 4470 247 4535 sae
260 4469 450 4556 Apostolica,
464 4470 493 4534 ei
506 4471 576 4555 puis
590 4491 627 4534 ea
641 4469 835 4556 postulasset,
848 4491 913 4533 non
926 4492 996 4533 vero
1010 4469 1111 4551 cleiis,
1125 4491 1206 4555 qum
1219 4491 1288 4532 cum
1297 4476 1407 4554 postu-

172 4575 286 4657 lantur,
296 4576 405 4658 nepari
416 4576 538 4638 omnino
549 4579 773 4655 catareverunt,
785 4595 821 4635 ne
829 4576 1042 4658 praesumptio
1048 4573 1123 4658 plus
1133 4573 1244 4636 babeat
1256 4571 1408 4638 roboriset
