3142 5242
523 486 577 532 Du
606 486 743 533 canno
773 485 1061 532 processurae.
1324 467 1366 531 33

133 642 353 737 sacerdotis,
370 641 516 742 poterit
535 641 568 716 is
586 667 633 716 ex
649 639 809 739 propria
826 639 989 715 dioecesi
1006 639 1250 737 excorporari
1268 647 1309 714 et
1323 638 1366 714 in

133 759 296 834 alteram
319 757 559 856 incorporari
582 758 759 832 absoluto
778 762 817 831 et
837 755 1074 848 immediate,
1092 754 1366 853 praetermisso

133 875 374 974 probationis
390 880 578 973 tempore.

181 992 243 1067 64.
283 990 325 1066 Si
354 993 404 1066 de
432 991 629 1066 sacerdote
658 1000 808 1090 agatur,
838 990 905 1091 qui
934 989 1136 1066 ordinatus
1166 997 1226 1067 est
1252 990 1367 1065 titulo

132 1107 340 1203 missionisr,
384 1106 601 1206 Episcopus
648 1133 714 1184 sex
761 1107 960 1183 mensibus
1001 1116 1210 1206 antequam
1252 1106 1367 1181 illum

132 1225 308 1300 absolute
348 1221 513 1300 dioecesi
554 1223 759 1316 adscribat,
793 1223 989 1321 supplices
1029 1224 1113 1322 ejus
1153 1248 1287 1322 preces
1328 1223 1366 1298 S.

133 1339 432 1440 Congregationi
455 1340 505 1414 de
528 1338 788 1439 Propaganda
811 1340 909 1415 Fide
929 1341 1184 1433 commendet,
1206 1347 1252 1415 ut
1273 1339 1368 1414 haec

133 1482 156 1531 a
176 1456 401 1555 juramento
425 1481 503 1555 quo
529 1456 656 1531 adhuc
679 1455 886 1532 obstrictus
910 1463 981 1549 est,
1006 1454 1121 1532 illum
1145 1455 1368 1555 dispenset.¹

133 1573 218 1663 Qua
252 1572 542 1671 dispensatione
579 1574 749 1666 obtenta,
784 1572 1001 1673 Episcopus
1043 1597 1189 1647 novum
1230 1573 1281 1647 ab
1321 1597 1367 1647 eo

130 1691 395 1788 juramentum
425 1688 468 1763 in
497 1688 672 1763 favorem
706 1713 801 1764 suae
829 1687 1014 1765 dioecesis
1041 1688 1204 1788 recipiat
1238 1689 1366 1788 (Cone.

133 1806 249 1881 Prov.
268 1805 372 1880 Balt.
391 1804 523 1894 VIII,
542 1806 643 1885 decr.
662 1807 760 1903 111.)‚
777 1804 962 1903 illiusque
977 1805 1187 1880 formulam
1205 1831 1229 1880 a
1245 1830 1367 1880 sacer·

132 1923 222 1997 dote
254 1919 516 2020 subscriptam
558 1920 601 1996 in
633 1920 828 1995 tabulario
860 1920 1093 2020 episcopalis
1125 1920 1255 1995 curiae
1288 1946 1366 1995 ser·

134 2040 304 2113 vandam
345 2038 517 2114 mandet.
586 2037 825 2135 Episcopum
867 2062 971 2130 ver0,
1005 2062 1030 2112 a
1070 2062 1146 2136 quo
1189 2039 1366 2112 sacerdos

133 2154 319 2248 discessit,
345 2156 396 2230 de
419 2152 639 2253 receptione
664 2178 689 2228 a
713 2178 755 2228 se
779 2155 881 2228 facta
905 2160 1073 2229 moneat.

181 2274 244 2347 65.
279 2271 394 2360 Quod
421 2296 514 2346 vero
541 2270 710 2369 pertinet
738 2271 790 2346 ad
816 2272 1033 2345 sacerdotes
1058 2269 1271 2368 religiosos,
1300 2270 1367 2370 qui

99 2444 107 2451 .
133 2395 224 2463 vota
248 2385 439 2462 solemnia
464 2393 748 2485 nuncuparunt,
774 2393 890 2485 atque
913 2411 962 2462 ex
986 2386 1214 2485 Apostolica
1237 2387 1366 2462 indul·

131 2503 264 2603 gentia
283 2501 326 2578 in
346 2503 498 2578 saeculo
515 2501 648 2576 vivere
668 2502 970 2602 permittuntur;
996 2502 1060 2578 vel
1077 2501 1146 2602 qui
1162 2502 1367 2578 ediderunt

132 2629 223 2695 vota
247 2619 443 2716 simplicia
466 2624 508 2694 et
532 2643 556 2694 a
580 2618 663 2693 suis
684 2618 1057 2718 congregationibus
1082 2643 1153 2694 seu
1176 2617 1367 2694 institutis

132 2736 277 2836 egressi
302 2741 396 2811 sunt
416 2734 507 2834 (nisi
531 2735 600 2834 qui
623 2761 650 2810 a
666 2735 769 2810 votis
792 2735 869 2810 rite
893 2734 1012 2810 soluti
1031 2735 1116 2834 jam
1142 2734 1184 2809 in
1210 2735 1366 2834 presby·
1445 2744 1448 2749 ⁴

131 2858 305 2928 terorum
330 2851 587 2926 saecularium
612 2850 834 2927 conditione
857 2856 1093 2946 versantur),
1115 2851 1151 2927 si
1176 2852 1228 2926 ad
1253 2850 1366 2949 Epis·
1405 2903 1408 2908 A

132 2993 272 3067 copam
302 2968 486 3042 accedant
518 2975 730 3067 petantque
763 2967 805 3042 in
834 2967 919 3065 ejus
948 2966 1154 3043 dioecesim
1188 2967 1367 3063 adscribi,

131 3084 261 3184 primo
290 3084 450 3183 quidem
479 3089 634 3159 tantum
664 3085 716 3159 ad
744 3084 888 3160 missae
916 3083 1226 3178 celebrationem,
1256 3086 1366 3160 dum·

132 3202 248 3277 modo
275 3199 411 3275 literas
437 3198 791 3276 saecularizationis
820 3226 865 3276 ac
890 3199 1228 3276 commendatitias
1254 3200 1366 3278 Ordi-

131 3316 233 3393 narii
255 3314 331 3392 loci
353 3340 378 3391 a
400 3341 477 3414 quo
495 3315 755 3393 discesserunt
775 3317 994 3410 exhibeant,
1012 3316 1168 3392 admitti
1191 3326 1366 3416 possunt,

133 3435 307 3509 nondum
332 3457 426 3507 vero
450 3432 502 3506 ad
526 3431 717 3507 triennale
742 3433 1052 3531 experimentum
1081 3432 1123 3508 in
1149 3432 1366 3509 ministerio

129 3546 330 3651 pastorali.
382 3546 576 3623 Volumus
603 3548 720 3643 enim,
747 3555 793 3624 ut
818 3550 870 3624 ad
899 3549 999 3624 hanc
1024 3549 1294 3648 probationem
1323 3549 1364 3625 in

130 3664 360 3742 ministeriis
376 3663 603 3764 hujusmodi
618 3664 862 3741 subeundam
880 3690 959 3740 non
975 3665 1246 3760 admittantur,
1259 3673 1364 3741 ante·

129 3809 247 3884 quam
291 3781 520 3881 Episcopus,
553 3780 755 3879 exquisitis
796 3782 847 3857 ab
888 3781 1047 3857 Ordinis
1080 3781 1144 3857 vel
1187 3781 1365 3857 Instituti

130 3896 397 4000 superioribus
413 3903 453 3973 et
469 3895 663 3996 Episcopo
680 3899 977 3973 commendante
1001 3898 1157 3974 secretis
1179 3897 1364 3973 informa·

128 4016 313 4108 tionibus,
343 4013 468 4112 iisque
501 4013 552 4088 ad
585 4012 624 4089 S.
654 4012 1002 4115 Congregationem
1031 4014 1217 4110 remissis,
1247 4014 1365 4113 hujus

131 4132 287 4208 veniam
312 4129 529 4206 sciscitatus
552 4128 628 4224 sit;
662 4157 741 4231 qua
764 4132 934 4225 obtenta,
958 4139 1192 4231 peractoque
1215 4130 1363 4229 experi-

131 4256 274 4342 mento,
307 4246 338 4324 ii
370 4244 439 4347 qui
472 4270 551 4321 non
584 4247 637 4324 ad
673 4254 840 4346 tempus,
873 4249 943 4324 sed
983 4247 1026 4324 in
1059 4255 1291 4348 perpetuum
1325 4249 1362 4325 S.

131 4361 451 4464 congregationis
483 4361 767 4462 Episcoporum
808 4370 849 4440 et
882 4363 1137 4462 Regularium
1174 4363 1363 4462 rescripto

131 4479 397 4557 saecularisati
421 4486 524 4572 sunt,
546 4479 648 4555 clero
674 4480 899 4556 dioecesano
924 4479 1160 4557 incardinari
1187 4489 1362 4579 possunt,

166 4645 255 4714 ¹laege
264 4664 347 4715 rapa,
359 4663 385 4714 p.
396 4645 455 4712 civ,
466 4661 534 4713 quae
545 4644 686 4714 nqviasimc
696 4645 729 4698 de
740 4646 949 4714 hoojuramento
960 4663 977 4698 a
988 4647 1014 4699 S.
1025 4646 1092 4700 sede
1102 4654 1201 4698 statuta
1212 4654 1281 4699 sunt.
