3142 5242
578 458 633 505 uu
661 458 985 506 soe1urar1uus.
1340 447 1403 509 143

165 611 413 688 societatibus
449 640 590 689 nomen
626 618 731 707 dant,
758 616 891 715 pravis
927 616 1177 715 subdolisque
1208 618 1401 691 malorum

165 728 370 804 hominum
401 731 551 806 artibus
581 730 827 824 inducantur,
854 738 900 807 ut
927 740 1062 807 contra
1085 732 1263 829 justitiae
1297 732 1402 830 leges

165 844 339 920 laborem
369 847 419 921 ab
448 846 546 945 ipsis
580 847 755 923 debitum
786 848 1031 941 subtrahant,
1058 849 1121 923 vel
1152 848 1229 923 alio
1264 848 1402 947 quovis

165 963 281 1036 modo
307 988 453 1056 eorum,
480 963 621 1062 quibus
651 963 921 1062 subjiciuntur,
951 963 1045 1063 jura
1070 965 1239 1041 laedant.
1274 966 1296 1011 ’¹‘
1328 965 1349 1010 ’⁵‘
1381 965 1403 1010 *
1478 1003 1481 1029 a

166 1076 233 1151 Illi
256 1078 375 1153 etiam
393 1088 524 1155 coetus
549 1105 710 1178 prorsus
731 1079 860 1155 illiciti
884 1088 987 1173 sunt,
1004 1081 1047 1156 in
1065 1081 1206 1180 quibus
1222 1080 1279 1157 ita
1297 1088 1402 1156 arcto

164 1193 318 1269 foedere
345 1194 386 1270 in
414 1204 592 1271 mutuam
620 1195 883 1272 defensionem
910 1196 1199 1296 conjunguntur
1229 1196 1334 1290 socii,
1358 1201 1406 1273 ut

164 1309 304 1385 exinde
329 1311 479 1387 oriatur
502 1314 709 1388 turbarum
726 1312 790 1388 vel
816 1313 992 1388 caedium
1018 1312 1272 1411 periculum.'’

215 1427 300 1501 254.
345 1428 475 1518 Quum
505 1454 622 1527 porro
648 1428 870 1505 videndum·
892 1428 979 1523 erit,
1006 1455 1058 1504 an
1084 1429 1217 1529 aliqua
1241 1429 1404 1506 societas

163 1544 278 1617 cadat
315 1545 388 1618 sub
426 1571 504 1621 una
542 1570 590 1620 ex
627 1544 815 1620 classibus
845 1545 1046 1656 indicatis,
1081 1545 1209 1645 primo
1244 1545 1402 1646 quidem

163 1657 365 1757 inquirant
390 1660 586 1760 Episcopi,
604 1662 688 1737 sive
710 1687 782 1762 per
799 1687 840 1737 se
864 1661 948 1737 sive
970 1688 1041 1761 per
1058 1662 1156 1738 alios
1179 1664 1401 1761 prudentes,

165 1776 310 1851 auditis
339 1777 513 1871 ducibus,
542 1778 747 1879 corypheis
774 1777 838 1854 vel
868 1777 982 1855 sociis
1013 1778 1244 1879 praecipuis,
1271 1777 1405 1853 omnia

165 1893 216 1966 ad
241 1890 352 1967 illam
379 1894 673 1970 associationem
698 1893 927 1994 spectantia,
948 1895 1039 1972 dein
1065 1895 1220 1994 singula
1245 1893 1401 1993 inspici·

165 2015 233 2084 ant
268 2017 496 2109 matureque
528 2011 784 2104 considerent,
810 2017 856 2087 ut
882 2010 1075 2109 judicium
1106 2019 1253 2087 certum
1284 2012 1333 2086 de
1358 2037 1405 2086 ea

165 2126 387 2224 proferatur
413 2127 529 2224 juxta
566 2126 759 2226 principia
792 2152 911 2226 super
943 2127 1119 2226 exposita
1156 2133 1198 2203 et
1235 2127 1268 2202 si
1307 2127 1403 2226 quid

165 2242 493 2340 deprehenderint
517 2242 770 2319 damnatione
795 2243 971 2342 dignum,
997 2242 1209 2343 inspiciant
1238 2242 1404 2319 ulterius

166 2366 299 2433 utrum
326 2384 374 2433 ex
398 2358 523 2457 ipsius
545 2359 741 2435 societatis
766 2366 908 2434 natura
930 2359 1147 2458 proveniat,
1166 2385 1217 2434 an
1238 2385 1330 2434 vero
1356 2384 1405 2435 ex

165 2474 398 2573 quibusdam
422 2482 655 2574 temporum,
675 2475 849 2551 locorum
872 2482 942 2552 aut
963 2474 1401 2589 personarumcircum·

165 2591 320 2667 stantiis
354 2617 443 2667 cum
480 2591 662 2668 societate
699 2591 925 2691 conjunctis
996 2592 1226 2669 “Nolumus
1261 2592 1403 2684 enim,''

165 2706 266 2783 sicut
292 2707 378 2806 jam
408 2710 607 2784 decretum
637 2708 713 2785 fuit
741 2707 783 2783 in
801 2703 955 2784 eodem
991 2707 1174 2802 Concilio,
1210 2708 1285 2785 No.
1315 2709 1403 2802 520,

166 2829 245 2900 “ut
277 2823 319 2899 in
352 2831 552 2923 posterum
587 2825 692 2901 ullus
725 2825 768 2901 in
802 2825 908 2901 hisce
936 2823 1160 2925 provinciis,
1187 2823 1230 2900 in
1265 2824 1404 2925 quavis

164 2940 422 3016 ecclesiastica
443 2940 635 3040 dignitate
657 2941 902 3033 constitutus,
922 2941 1154 3017 nominatim
1180 2940 1402 3016 societatem

164 3057 336 3150 damnet,
354 3056 429 3131 nisi
447 3064 551 3132 certo
573 3064 615 3132 et
635 3065 791 3157 praeter
810 3083 926 3132 omne
950 3057 1114 3133 dubium
1139 3065 1297 3149 constet,
1315 3081 1403 3133 eam

164 3197 212 3249 ex
240 3172 298 3248 eis
326 3198 421 3264 esse,
448 3199 547 3273 quae
576 3172 928 3249 Constitutionibus
955 3173 1169 3249 Pontificiis
1197 3173 1286 3274 [aut
1314 3173 1403 3248 aliis

164 3289 406 3365 documentis
439 3290 550 3365 Sedis
583 3289 864 3391 Apostolicae],
898 3290 1292 3389 comprehenduntur.
1361 3289 1401 3364 Si

164 3431 257 3481 vero
275 3431 343 3481 eae
360 3405 507 3482 fuerint
520 3405 844 3498 circumstantiae,
859 3413 904 3481 ut
920 3405 1102 3482 ultiorem
1119 3405 1400 3505 expositionem

164 3521 364 3599 doctrinae
375 3522 460 3621 jam
477 3522 645 3598 traditae
661 3523 860 3622 postulare
874 3522 1092 3615 videantur,
1107 3547 1178 3620 pro
1196 3547 1242 3597 ea
1260 3522 1401 3597 ‘omni-

165 3640 238 3714 bus
256 3640 308 3715 ad
323 3638 512 3714 amussim
529 3638 714 3737 expositis
731 3664 863 3713 rerum
881 3638 943 3737 adj
949 3637 1096 3713 unctis'
1123 3641 1401 3714 recurrendum

165 3781 249 3831 esse
274 3781 479 3830 monemus
504 3757 555 3830 ad
584 3755 766 3829 Sanctam
796 3754 947 3846 Sedem,
973 3754 1083 3853 cujus
1112 3753 1401 3854 sapientissimo

160 3871 309 3971 judicio
335 3897 470 3946 omnes
495 3871 611 3970 pleno
641 3870 772 3946 animo
800 3896 844 3945 ac
868 3871 984 3946 corde
1010 3896 1159 3946 morem
1185 3869 1400 3969 geremus.''

216 3991 303 4064 255.
346 3990 413 4063 Ad
446 3989 755 4086 praecavendum
790 3996 1003 4085 praeterea,
1035 4013 1083 4062 ne
1116 3987 1289 4062 confusio
1324 3986 1400 4062 dis-

166 4104 334 4210 ciplinae
352 4106 552 4197 habeatur,
570 4105 666 4179 dum
689 4129 779 4179 cum
804 4128 947 4202 magno
970 4103 1145 4178 fidelium
1164 4103 1345 4178 scandalo
1363 4109 1403 4178 et

168 4221 409 4298 auctoritatis
435 4219 711 4296 ecclesiasticae
737 4220 983 4312 detrimenta,
1009 4221 1145 4294 eadem
1172 4217 1335 4293 societas
1359 4218 1400 4293 in
1494 4249 1496 4254 ¹

168 4363 248 4414 uua
281 4336 447 4415 dioecesi
480 4338 702 4429 damnatur,
729 4342 770 4411 et
801 4334 843 4410 in
877 4334 957 4410 alia
987 4335 1189 4428 toleratur,
1219 4335 1402 4410 nolumus

167 4455 292 4530 ullam
326 4454 560 4546 societatem,
587 4451 646 4528 uti
678 4454 881 4527 cadentem
916 4453 989 4526 sub
1024 4477 1102 4526 una
1135 4477 1182 4526 ex
1215 4450 1402 4526 classibus

167 4569 360 4658 indicatis,
379 4569 611 4644 nominatim
636 4567 827 4660 damnari,
845 4575 1053 4666 antequam
1072 4566 1301 4642 Ordinarius
1318 4591 1402 4640 rem
