3142 5242
597 481 651 527 os
681 481 920 529 nrrscorrs.
1331 464 1375 528 13

137 636 408 713 inamovibiles
429 636 649 736 praedictae
675 637 869 712 dioecesis.
923 637 1079 711 Horum
1105 637 1179 712 erit
1205 637 1281 712 tria
1306 662 1372 712 no·

138 753 399 828 minaeorum
425 778 520 852 quos
542 753 681 852 dignos
701 753 965 851 judicaverint
988 752 1192 852 Episcopis
1218 753 1373 853 provin·

137 868 217 944 ciae
234 868 417 962 indicare,
436 876 480 944 ut
505 868 547 944 hi
573 894 667 968 prae
694 869 816 944 oculis
842 870 1011 944 habeant
1036 869 1130 943 haec
1151 868 1311 943 nomina
1334 867 1375 943 in

135 985 401 1085 proponendis
422 985 514 1060 Sedi
531 985 782 1084 Apostolicae
799 985 1028 1061 candidatis.

188 1101 244 1176 II.
280 1100 575 1177 Consultoribus
601 1108 649 1177 et>
664 1102 878 1177 rectoribus
908 1102 964 1178 ita
990 1100 1234 1200 congregatis
1266 1126 1375 1201 prae·

138 1217 264 1293 sideat
288 1217 626 1316 Archicpiscopus,
652 1219 715 1294 vel
748 1218 781 1294 si
811 1219 1024 1318 impeditus
1059 1224 1126 1308 est,
1160 1217 1377 1316 Episcopus

138 1335 405 1434 suffraganeus
431 1335 605 1433 ejusdem
630 1335 853 1435 provinciae
876 1336 926 1410 ab
950 1335 1034 1433 ipso
1058 1335 1316 1433 delegandus3
1343 1332 1377 1408 si

138 1475 231 1525 vero
257 1451 307 1526 de
331 1452 422 1527 sede
447 1451 750 1550 metropolitana
774 1459 936 1527 vacante
964 1459 1112 1550 agatur,
1134 1449 1377 1549 congregatis

139 1565 360 1665 praesideat
389 1569 657 1667 suffraganeus
693 1567 889 1668 antiquior
923 1567 1073 1643 ratione
1108 1564 1376 1658 ordinationis,

139 1682 201 1758 vel
219 1707 265 1758 eo
278 1681 480 1782 impedito,
498 1683 600 1759 alius
619 1684 836 1783 Episcopus
854 1685 904 1758 ab
921 1683 1006 1782 ipso
1029 1684 1278 1782 delegandus.

187 1797 265 1877 III.
300 1801 524 1899 Antequam
542 1801 592 1876 ad
610 1800 796 1900 suffragia
812 1808 975 1875 ventum
992 1799 1122 1893 fuerit,
1139 1800 1379 1875 consultores

139 1923 177 1991 et
199 1922 367 1992 rectores
391 1917 580 2016 praedicti
600 1917 738 2014 jurent
755 1942 796 1992 se
814 1942 938 2015 neque
954 1916 1082 2015 gratia
1099 1941 1223 2015 neque
1247 1917 1379 1990 favore

140 2030 271 2107 induci
288 2034 339 2108 ad
356 2032 585 2131 suffragium
612 2034 826 2108 ferendum.
890 2032 1130 2131 Hujusmodi
1149 2039 1280 2107 autem
1302 2032 1378 2107 suf-

140 2149 309 2247 fragium
335 2149 411 2225 erit
434 2158 623 2224 secretum
652 2157 691 2224 et
720 2150 981 2224 consultivum
1006 2156 1173 2224 tantum.

203 2265 276 2343 IV.
311 2264 474 2341 Praeses
491 2265 622 2340 mittet
638 2266 795 2340 verbale
811 2266 929 2364 hujus
947 2272 1169 2358 conventus,
1185 2265 1379 2340 secretarii

141 2381 423 2481 subscriptione
456 2381 664 2480 signatum,
692 2382 743 2456 ad
768 2390 913 2456 ceteros
948 2381 1161 2479 Episcopos
1197 2388 1235 2455 et
1261 2383 1311 2458 ad
1338 2381 1374 2454 S.

141 2498 502 2596 Congregationem.

126 2643 140 2666 ·
190 2614 240 2690 V.
276 2613 351 2689 Die
375 2614 585 2689 constituta
610 2615 841 2690 convenient
867 2614 1051 2712 Episcopi
1077 2621 1117 2689 et
1141 2614 1301 2689 nomina
1327 2614 1381 2688 sic

141 2731 352 2830 proposita,
371 2730 435 2806 vel
460 2731 540 2806 alia
566 2732 615 2806 ab
641 2731 738 2829 ipsis
764 2732 1029 2831 proponenda,
1059 2730 1173 2828 juxta
1208 2730 1380 2805 Instruc-

141 2847 288 2923 tionem
313 2848 351 2923 S.
379 2846 698 2947 Congregationis
725 2846 788 2922 die
814 2849 863 2922 21
890 2846 1069 2921 Januarii
1101 2848 1198 2921 1861
1235 2846 1381 2922 datam1

142 2963 360 3057 discutient,
379 2971 419 3040 et
444 2965 619 3039 notulam
645 2964 766 3039 trium
792 2963 1088 3038 candidatorum
1111 2964 1273 3038 Sanctae
1291 2961 1382 3039 Sedi

142 3080 400 3156 exhibendam
425 3079 637 3156 conficient.
686 3080 800 3169 Quod
825 3079 859 3153 si
884 3079 1149 3177 judicaverint
1175 3079 1335 3154 nomina
1358 3104 1382 3154 a

142 3197 244 3271 clero
264 3197 467 3296 proposita
490 3222 574 3272 esse
599 3195 820 3294 rejicienda,
839 3195 1010 3269 rationes
1036 3220 1126 3269 suas
1152 3196 1189 3272 S.
1214 3196 1380 3293 Congre-

142 3312 291 3411 gationi
309 3337 500 3411 exponere
517 3338 596 3387 non
615 3312 809 3386 omittant.

192 3428 265 3505 VI.
311 3429 360 3503 In
393 3427 555 3527 reliquis
590 3427 770 3502 omnibus
802 3428 1042 3526 praedictam
1078 3428 1381 3502 Instructionem

144 3552 367 3645 sequantur.

194 3664 253 3737 16.
282 3661 412 3751 Quum
431 3687 523 3737 vero
545 3662 675 3760 agitur
692 3664 741 3736 dc
759 3661 998 3760 designando
1017 3660 1210 3760 Episcopo
1228 3661 1381 3759 coadju-

144 3785 229 3854 tore
261 3803 351 3852 cum
379 3778 471 3876 jure
497 3777 750 3852 successionis
784 3777 945 3851 omnino
972 3784 1176 3852 serventur
1209 3802 1307 3876 quae
1340 3775 1382 3851 in

145 3893 291 3995 regulis
318 3914 358 3986 1.,
386 3916 461 3987 111.,
488 3916 557 3988 1v.‚
583 3916 622 3969 v.
652 3901 691 3970 et
715 3916 772 3969 VI.
801 3919 919 3991 supra
943 3893 1071 3967 citatis
1092 3899 1381 3968 enumerantur.

148 4011 300 4110 Regula
333 4017 464 4086 autem
504 4032 549 4087 11.
586 4010 641 4086 sic
673 4010 968 4085 immutabitur:
1014 4008 1310 4084 Consultoribus
1344 4015 1383 4083 et

146 4127 359 4203 rectoribus
400 4127 457 4202 ita
493 4127 736 4225 congregatis
779 4125 1016 4225 praesidebit
1058 4124 1383 4223 Archicpiscopus

148 4242 230 4318 sive
256 4243 473 4341 Episcopus
496 4268 567 4342 pro
591 4267 667 4342 quo
690 4242 892 4340 coadjutor
914 4241 1117 4340 eligendus
1140 4247 1220 4333 est;
1253 4246 1331 4334 aut,
1350 4239 1383 4313 si

148 4358 361 4458 impeditus
393 4358 456 4452 sit,
483 4358 651 4433 vicarius
684 4357 889 4456 generalis,
912 4358 976 4432 vel
1004 4357 1104 4432 alius
1131 4358 1309 4431 sacerdos
1335 4357 1385 4431 ab

149 4473 233 4574 ipso
252 4475 509 4574 ‘delegandus
562 4473 778 4573 Episcopus
802 4481 932 4549 autem
953 4475 1026 4548 hoc
1048 4472 1090 4549 in
1114 4498 1207 4548 casu
1230 4471 1384 4571 poterit,

184 4724 273 4777 ¹Vide
287 4723 359 4777 inter
369 4724 482 4777 Decreta
492 4724 570 4778 Cone.
581 4724 657 4776 Plen.
668 4725 739 4776 Balr.
751 4724 798 4790 11„
810 4723 863 4776 Tit.
875 4738 920 4777 111.
932 4724 995 4790 Cap.
1006 4738 1051 4777 111.
