3142 5242
410 468 601 514 LITERAE
630 469 904 517 INDICTIONIS
934 471 1147 520 CONCILII.
1338 460 1396 523 XXI

157 624 311 710 majorem
335 624 399 689 Dei
424 625 663 720 Omnipotentis
686 627 822 712 gloriam
848 638 880 692 et
904 628 946 692 ad
972 627 1154 695 Catholicae
1179 630 1254 696 fidei
1276 633 1396 698 exalta-

156 727 289 795 tionem.

201 830 427 898 Nihilominus
452 833 690 900 Catholieorum
720 858 873 902 numerus
900 837 942 902 ab
971 836 1060 902 illius
1089 837 1226 903 Concilii
1255 850 1396 929 tempore

156 933 291 1000 mirifice
310 947 432 1020 auctus,
452 945 485 1002 et
505 937 706 1004 Christianae
727 939 814 1006 vitae
834 962 930 1026 opera
951 940 1069 1027 ubique
1090 941 1177 1027 apud
1199 965 1258 1009 nos
1278 944 1396 1012 diffusa

155 1039 432 1127 aemnltiplicata,
446 1050 530 1107 certe
549 1042 718 1129 requirunt
738 1052 776 1108 nt
796 1045 892 1110 novis
912 1044 1055 1109 florentis
1076 1043 1172 1131 hnjns
1187 1047 1396 1115 amerianae

158 1140 318 1210 Ecclesiae
345 1145 584 1212 necessitatibus
611 1146 838 1233 praesentibus,
867 1157 963 1234 atque
992 1149 1106 1234 majori
1138 1149 1244 1216 adhuc
1268 1149 1395 1218 futurae

155 1246 295 1332 ejusdem
311 1247 473 1314 Ecclesiae
486 1251 701 1337 prosperitati,
715 1249 827 1316 sedulo
840 1274 878 1316 ac
892 1262 1016 1317 mature
1029 1252 1247 1339 provideatur.

199 1351 419 1432 Quamobrem
433 1353 586 1419 Summus
600 1348 754 1420 Pontifex
768 1355 838 1420 Leo
853 1355 943 1441 Papa
957 1355 1080 1439 XIII„
1096 1357 1220 1423 Christi
1241 1358 1277 1424 in
1299 1361 1393 1427 terris

154 1453 319 1540 Vicarius,
331 1457 415 1522 inter
424 1457 620 1544 multiplices
634 1458 831 1545 maximique
845 1460 999 1524 momenti
1012 1482 1103 1525 curas
1114 1462 1280 1548 regiminis
1292 1466 1392 1530 totius

155 1557 324 1644 Ecclesiae,
339 1562 497 1649 vigilante
510 1585 547 1628 ao
563 1561 793 1649 benignissima
805 1562 1024 1629 sollicitudine
1037 1575 1161 1650 partem
1182 1564 1267 1631 hano
1286 1568 1392 1655 gregis

154 1663 297 1729 fidelium
312 1688 515 1753 prosequens,
525 1675 695 1753 postquam
708 1664 749 1731 de
762 1666 913 1737 rebusad
926 1666 1130 1753 praeeipuam
1140 1670 1209 1755 ‘ejus
1217 1671 1391 1737 utilitatem

153 1768 370 1854 spectantibus
393 1793 468 1835 cum
493 1771 643 1844 omnibus
669 1770 927 1856 Archiepiscopis
952 1770 1203 1838 Foederatorum
1225 1775 1392 1842 Americae

153 1870 417 1957 Septentrionalis
441 1873 602 1958 Statuam,
624 1874 659 1938 in
681 1896 755 1939 enm
784 1874 881 1939 finem
912 1873 1035 1940 Romae
1062 1877 1189 1960 coactis,
1215 1878 1390 1944 collocutus

152 1975 270 2059 fuerit;
301 1977 490 2064 Apostolica
512 2001 571 2043 sua
593 1979 804 2061 Auctoritate,
833 2001 907 2043 cum
937 1978 1220 2046 Eminentissimus
1249 1982 1390 2049 Joannes

153 2078 186 2145 S.
208 2078 251 2146 R.
275 2080 316 2147 E.
347 2081 529 2147 Cardinalis
558 2081 766 2168 MeCloskey,
796 2081 1065 2168 Archiepiscopus
1094 2083 1389 2154 Neo-Eboracensis

152 2181 285 2250 adversa
313 2184 497 2252 valetudine
525 2186 728 2269 detineretur,
758 2185 873 2268 Nobis,
902 2185 976 2250 licet
1004 2185 1156 2272 indiguis,
1178 2211 1235 2274 per
1263 2188 1389 2256 Literas
1475 2267 1478 2274 Ι

152 2286 204 2351 die
226 2288 272 2356 iv.
297 2289 445 2355 Ianuarii
473 2276 571 2374 hujus
593 2281 678 2354 anni
700 2289 799 2372 datas,
826 2288 988 2354 indicendi
1017 2293 1277 2378 convocandique
1302 2293 1388 2361 Con-

151 2390 262 2455 cilium
292 2370 480 2459 Plenarinm
506 2393 712 2476 Baltimorae,
732 2394 825 2479 eique
849 2392 1050 2479 praesidendi
1072 2416 1191 2460 munus
1215 2396 1387 2483 delegavit.

195 2493 321 2581 Itaque,
342 2519 382 2562 ex
408 2507 561 2583 potestate
586 2498 628 2562 ab
652 2497 840 2583 Apostolita
862 2496 943 2562 Sede
966 2496 1070 2562 Nobis
1092 2498 1216 2584 collata,
1240 2501 1386 2567 invocato

149 2600 279 2664 nomine
299 2600 522 2667 Sanctissimae
542 2611 575 2666 et
596 2600 792 2666 Individuae
806 2601 985 2683 Trinitatis,
1002 2600 1120 2685 Patris,
1135 2601 1217 2667 Filii
1231 2612 1264 2668 et
1284 2604 1386 2691 Spiri-

150 2712 204 2768 tus
224 2702 342 2788 Sancti,
365 2705 536 2792 implorato
556 2704 680 2770 auxilio
701 2704 931 2770 Immaculatae
951 2727 988 2769 ac
1008 2703 1212 2772 Beatissimae
1233 2707 1386 2795 Virginis

150 2805 274 2873 hieriae
288 2808 456 2895 Deiparae,
478 2809 649 2897 primariae
670 2809 787 2874 horum
808 2807 958 2874 Statnum
981 2807 1141 2874 Patronae
1160 2810 1302 2876 coelestis
1312 2837 1322 2894 3
1343 2813 1385 2878 ad
1445 2818 1461 2846 '¹

149 2911 331 2977 evellendos
344 2913 556 3000 funditusque
574 2912 742 2996 tollendos
757 2913 785 2977 si
807 2912 865 2999 qui
887 2911 970 2976 forte
991 2912 1186 2999 irrepserint,
1200 2915 1328 2999 abusus,
1343 2917 1384 2982 ad

150 3013 402 3083 Ecclesiastimm
416 3017 619 3103 disciplinam
640 3016 901 3099 confirmandam,
916 3015 958 3080 ad
973 3016 1175 3082 Dioecesium
1196 3029 1317 3084 statum
1338 3021 1385 3086 ita

147 3119 373 3206 ordinandum,
395 3130 434 3186 ut
457 3122 590 3208 propius
614 3121 656 3186 ad
680 3143 848 3186 commune
867 3121 923 3205 jus
949 3119 1108 3203 Ecclesiae
1131 3133 1290 3208 quantum
1314 3124 1384 3189 fieri

147 3225 259 3310 possit,
286 3226 422 3311 acoedat,
448 3225 544 3291 etad
570 3225 769 3292 Catholieam
797 3224 986 3310 religionem
1012 3223 1109 3289 latius
1133 3227 1382 3313 propagandam,

146 3328 466 3416 provehendamque3
503 3328 697 3394 Immune
731 3338 828 3414 atque
864 3327 1106 3394 Convocanus
1143 3328 1231 3394 hisce
1263 3329 1383 3397 Literis

146 3431 315 3497 Tartaron
336 3433 561 3499 Pmnmmn
586 3433 789 3501 Conmnrnar
818 3430 1111 3514 Banrnsonmrsn,
1133 3433 1169 3496 in
1190 3432 1382 3521 Metropoli-

146 3544 221 3602 tana
238 3547 349 3604 nostra
363 3537 506 3604 Ecclesia
519 3536 746 3619 inchoandum,
760 3537 813 3601 die
826 3558 912 3600 nona
926 3535 1120 3602 Novembris
1134 3538 1290 3603 currentis
1303 3539 1382 3605 anni

145 3640 309 3706 millesimi
338 3642 593 3730 octingentesimi
621 3640 804 3727 octogesimi
832 3639 940 3727 quarti
952 3665 963 3722 ;
991 3647 1088 3727 atque
1120 3648 1158 3705 nt
1189 3644 1382 3709 conveniant

145 3753 288 3831 tempore
301 3769 339 3811 ac
360 3745 429 3812 loco
450 3746 579 3811 statutis
600 3744 855 3831 Archiepiscopi,
871 3743 1034 3829 Episcopi,
1049 3743 1203 3828 Abbates,
1225 3747 1381 3832 ceterique

144 3851 326 3936 omnesqui
341 3851 380 3915 de
389 3853 465 3936 jure
478 3859 536 3916 aut
555 3850 784 3915 cousuetudine
797 3847 944 3914 Concilio
957 3847 1078 3912 indicto
1092 3848 1241 3915 interesse
1254 3850 1379 3934 dehent,

144 3950 312 4018 hortamur
325 3955 361 4018 in
383 3954 536 4037 Domino,
552 3963 584 4020 et
597 3962 693 4041 prout
714 3975 795 4039 opus
816 3960 873 4034 est,
888 3951 1100 4037 praecipimus
1120 3974 1158 4017 ac
1179 3952 1397 4053 mandamus!

186 4057 370 4141 Antistites,
400 4058 457 4146 qni
486 4082 527 4124 ex
550 4060 639 4145 justa
664 4081 757 4123 cansa
785 4079 843 4143 per
871 4078 905 4121 se
933 4054 1078 4120 Concilio
1107 4066 1286 4142 praesentes
1313 4079 1379 4124 esse

143 4171 316 4248 nequeunt,
340 4162 565 4228 Procuratores
591 4162 735 4249 legitimo
761 4158 993 4247 procurationis
1018 4159 1208 4225 documento
1237 4162 1378 4226 munitos

142 4266 295 4351 mittant3
325 4267 440 4332 Nostri
467 4276 575 4333 tanuen
605 4267 804 4352 Patrumque
836 4263 974 4330 Concilii
1002 4262 1063 4328 erit
1091 4263 1132 4327 de
1157 4263 1378 4349 impedimenti

143 4367 348 4458 legitimitate
361 4381 394 4437 et
407 4372 447 4436 de
460 4371 695 4459 procurationis
708 4369 877 4436 validitate
892 4367 1046 4453 judicare.

185 4474 332 4541 Tandem
346 4499 496 4562 rogamus
511 4499 620 4541 omnes
634 4475 669 4539 in
689 4473 832 4538 Domino
846 4472 1048 4537 vehementer
1062 4493 1100 4536 ac
1121 4472 1325 4556 obtestamur,
1339 4482 1376 4538 nt

140 4579 319 4665 conjunctis
343 4592 439 4667 atque
463 4579 567 4645 enixis
590 4577 786 4643 orationibus
805 4574 1052 4642 Venerabilium
1081 4573 1253 4639 Pastorum
1277 4575 1376 4640 totius
