3142 5242
464 446 691 492 SESSIONES
719 446 957 493 SOLEMNES.

354 601 603 668 Thuriferarius.

354 705 575 772 Subdiaoonus
589 730 662 771 cum
678 707 780 773 Grues
794 708 1079 795 Archiepisoopali.

355 810 528 896 Presbyter
541 811 705 875 Assistens
719 810 869 898 Delegati
883 812 1074 898 Apostolici.

354 913 529 1001 Delegatus
543 913 749 1000 Apostolicus
763 915 848 980 inter
862 914 1023 980 Diaconos
1037 917 1231 982 Assistentes

355 1017 500 1083 Ministri
515 1016 664 1105 Delegati
678 1018 867 1106 Apostolici.

136 1192 227 1259 Dum
241 1216 299 1281 per
311 1193 382 1258 vias
397 1192 566 1258 viciniores
584 1193 668 1258 inter
681 1192 884 1271 densissimas
903 1195 1016 1281 populi
1038 1195 1148 1260 turbas
1168 1194 1329 1260 ecclesiam

91 1306 243 1384 peterent,
257 1295 396 1383 hymnos
413 1296 487 1362 Veni
501 1297 626 1362 dicator
646 1297 791 1383 spiram
806 1298 874 1363 Ave
894 1298 1001 1363 Maria
1020 1298 1113 1363 satta
1135 1307 1167 1364 et
1187 1297 1331 1363 Psalmoa

90 1403 146 1484 80,
167 1402 223 1484 83,
244 1403 290 1465 86
310 1400 528 1466 decantabant.
573 1400 789 1486 Synodalibus
809 1402 958 1468 omnibus
978 1410 1011 1467 et
1031 1403 1156 1489 reliquo
1178 1401 1273 1468 Clero
1295 1400 1330 1465 in

91 1503 221 1570 ecclesia
236 1505 299 1569 rite
311 1504 483 1590 dispositis,
499 1505 659 1590 ingressus
679 1512 727 1569 est
744 1505 890 1570 omnium
906 1506 1043 1572 Consilii
1059 1505 1195 1571 Patrum
1213 1505 1328 1588 senior,

91 1607 222 1674 Illmus.
247 1616 281 1673 et
304 1608 418 1674 Rmus.
441 1608 709 1694 Archiepisoopus
734 1606 769 1674 S.
791 1609 963 1692 Ludovici,
985 1611 1115 1675 missam
1139 1608 1181 1674 de
1204 1608 1329 1695 Spiritu

91 1710 208 1775 Sancto
229 1710 454 1792 celebraturus
469 1711 520 1775 eui
543 1711 729 1777 assistebant
746 1709 846 1777 Adm.
862 1711 943 1778 Rev.
961 1712 999 1778 P.
1016 1712 1059 1778 A.
1075 1712 1222 1795 Stanton,
1238 1711 1280 1776 O.
1295 1711 1328 1776 S.

92 1813 150 1896 A,
164 1811 198 1878 S.
214 1812 254 1877 T.
270 1811 325 1894 D,
340 1811 390 1876 uti
404 1810 589 1898 presbyten
610 1809 711 1877 Adm.
728 1811 810 1876 Rev.
826 1810 869 1876 D.
886 1811 1025 1894 Lyman,
1039 1813 1084 1878 V.
1102 1812 1154 1893 F,
1165 1812 1328 1896 diaconus,

92 1924 126 1981 et
140 1914 239 1981 Adm.
251 1915 335 1981 Rev.
348 1915 391 1980 N.
404 1916 447 1980 A.
461 1914 562 1996 Moes,
574 1913 795 1980 subdiaconus.
841 1913 1014 2001 Delegatus
1025 1915 1231 2000 Apostolicus
1241 1915 1330 1981 thro-

93 2042 173 2084 num
185 2019 357 2105 oocupabat
371 2018 496 2082 medius
511 2019 595 2082 inter
609 2018 758 2083 diaconos
772 2017 952 2083 assistentes
967 2019 1049 2084 Rev.
1062 2019 1140 2084 DD.
1152 2017 1330 2106 Georgium

94 2122 137 2189 G.
152 2121 280 2188 Devine
301 2130 332 2186 et
350 2121 522 2187 Alfredum
542 2123 586 2187 A.
603 2122 723 2203 Curtis,
741 2121 926 2209 presbytero
947 2122 1111 2187 assistente
1130 2121 1229 2188 Adm.
1245 2122 1328 2189 Rev.

94 2225 250 2291 Eduardo
265 2225 459 2313 MeColgan,
473 2226 520 2294 V.
537 2225 579 2291 G.

139 2329 242 2394 Missa
261 2329 353 2394 finita
370 2330 553 2394 concionem
568 2329 618 2393 De
637 2329 781 2395 Oorwilib
795 2329 951 2394 Ecclesiae
964 2329 1006 2395 ad
1020 2329 1140 2395 clerum
1154 2329 1329 2417 populum·

93 2457 157 2521 que
185 2433 299 2499 habuit
328 2433 457 2498 Illmus.
481 2442 512 2498 et
541 2433 655 2499 Rmus
683 2433 840 2498 Patritius
869 2433 902 2499 J.
933 2434 1040 2520 Ryan,
1062 2433 1330 2521 Archiepisoopus

95 2537 397 2625 Philadelphiensis.

139 2642 233 2706 Tunc
254 2642 378 2728 incepta
399 2651 446 2706 est
466 2642 562 2706 sessio
583 2641 746 2728 synodalis
766 2642 801 2706 in
820 2665 895 2728 qua,
910 2643 993 2708 sicut
1012 2643 1097 2708 etin
1116 2642 1330 2729 sequentibus,

92 2746 204 2812 omnia
225 2747 323 2832 juxta
345 2745 533 2810 Pontificale
559 2746 743 2811 Romanum
772 2754 804 2810 et
832 2745 1070 2811 caeremoniale
1095 2745 1331 2832 Episcoporum

91 2849 278 2916 fidelissime
292 2859 419 2935 peracta
432 2859 516 2915 sunt.
563 2849 697 2914 Lectum
714 2849 876 2935 igiturest
890 2872 1023 2935 sequens

416 3040 578 3104 Decretum
600 3040 650 3104 De
671 3040 796 3124 Synodo
819 3040 1010 3126 Aperiarda.

141 3195 215 3260 “In
235 3195 375 3259 Nomine
390 3195 608 3260 sacrosanctae
622 3204 653 3260 et
673 3194 870 3260 Individuac
885 3195 1064 3277 Trinitatis,
1081 3195 1188 3260 Patris
1202 3203 1234 3259 et
1249 3193 1331 3259 Filii

91 3309 129 3365 et
142 3299 281 3385 Spiritus
295 3298 413 3364 Sancti.
458 3299 576 3363 Amen.

140 3405 161 3439 “
172 3403 204 3467 N
206 3426 241 3467 os
255 3403 277 3468 J
279 3402 395 3467 acobus
410 3401 566 3484 Gibbons,
581 3401 644 3466 Dei
659 3411 690 3467 et
704 3401 908 3487 Apostolicae
921 3402 1014 3467 Sedis
1027 3401 1131 3488 gratia
1145 3401 1331 3489 Archiepis-

91 3530 195 3593 oopus
211 3505 454 3571 Baltimorensis
474 3515 570 3591 atque
591 3505 730 3592 ejusdem
752 3505 843 3571 Sedis
865 3505 1070 3591 Apostolicae
1090 3504 1275 3592 Delegatus,
1289 3504 1332 3570 ad

92 3610 225 3676 laudem
254 3619 286 3675 et
313 3608 449 3696 gloriam
478 3609 543 3674 Dei
572 3609 813 3695 Omnipotentis
841 3618 873 3674 et
901 3609 1079 3675 Salvatoris
1108 3608 1222 3674 Nostri
1250 3607 1330 3674 Joeu

94 3714 241 3796 Christi;
278 3714 313 3778 in
342 3713 496 3778 honorem
525 3712 731 3778 Beatissimae
763 3721 795 3778 et
827 3712 1057 3781 Immaculatae
1085 3712 1238 3799 Virginis
1267 3710 1331 3776 Dei

93 3817 270 3884 Genitricis
292 3817 426 3899 Mariae,
446 3816 560 3881 harum
582 3816 830 3882 Provinciarum
851 3816 1021 3902 primariae
1042 3814 1210 3898 Patronae,
1232 3814 1331 3881 Sanc·

92 3934 205 3988 torum
220 3921 449 4008 Apostolorum
466 3921 554 3985 Petri
569 3929 600 3985 et
621 3920 736 4002 Pauli;
759 3921 801 3985 ad
815 3920 1067 3985 aedificationem
1082 3920 1243 3984 Ecclesiae
1256 3918 1330 4003 Dei,

92 4025 140 4092 ad
158 4026 308 4112 pietatem
325 4024 499 4090 fovendam
518 4033 551 4089 et
570 4024 675 4089 zelum
688 4025 870 4089 animarum
889 4023 1072 4110 augendum
1092 4033 1159 4088 tam
1178 4024 1214 4088 in
1234 4022 1331 4089 Clero

92 4152 195 4216 quam
215 4129 250 4193 in
269 4127 400 4215 populo,
415 4128 456 4193 ad
471 4128 672 4214 corrigendos
686 4127 815 4210 abusuS,
829 4127 999 4192 statuimus
1018 4135 1050 4191 et
1068 4125 1277 4209 decernimus,
1290 4124 1332 4191 de

92 4232 230 4299 oonsilio
258 4240 291 4296 et
318 4254 471 4297 consensu
501 4230 684 4297 Illmorum.
714 4240 747 4296 et
772 4231 942 4296 Rmorum.
973 4231 1208 4317 Episcoporum
1233 4229 1331 4315 hujus

93 4335 236 4403 Concilii
254 4334 478 4421 Synodalium,
493 4335 554 4424 hpc
567 4335 637 4421 ipso
650 4334 713 4417 die,
729 4336 787 4422 qui
800 4344 847 4400 est
866 4357 971 4399 nonus
990 4335 1107 4399 mensis
1126 4332 1329 4415 Novembris,

91 4439 175 4506 anni
210 4437 376 4503 millesimi
404 4439 656 4524 octingentesimi
688 4438 872 4524 octogesimi
904 4437 1022 4524 quarti,
1051 4437 1123 4502 Deo
1158 4437 1331 4522 adjuvante

92 4543 228 4609 initium
239 4541 317 4624 fieri,
328 4543 438 4628 etjam
454 4540 573 4607 factum
588 4564 653 4606 esse
667 4541 763 4628 hujus
778 4540 920 4606 Plenarii
935 4540 1074 4607 Concilii
1088 4538 1331 4605 Baltimorensis
