3142 5242
163 453 208 517 40
276 468 652 517 rrruaus11.-nr
680 469 890 517 rrasorus
920 469 1287 518 necunsrasrrcm.

214 624 274 702 76.
302 623 384 699 Zeli
406 624 607 723 apostolici
627 649 672 700 ac
691 624 883 701 virtutum
903 624 1202 702 sacerdotalium
1223 624 1399 724 pietatis-

163 766 238 840 que
266 740 371 816 socia
399 739 451 816 sit
479 748 632 840 oportet
660 765 769 816 sacra
798 739 969 818 scientia.
1021 741 1147 818 Omne
1177 743 1283 841 quod
1311 765 1398 841 per·

163 856 301 933 solutis
323 857 505 932 laudibus
521 855 667 933 divinis
689 864 729 933 et
753 857 852 932 sacri
875 856 1049 934 muneris
1069 857 1203 934 officiis
1221 864 1400 958 superest

162 977 318 1072 tempus
352 974 403 1047 ad
436 972 639 1049 literarum
673 973 804 1050 studia
837 975 1046 1050 conferant
1118 974 1249 1073 (Cone.
1285 972 1397 1050 Pleu.

162 1087 266 1165 Balt.
285 1088 354 1183 11,
373 1088 447 1166 No.
466 1091 566 1190 167.)
613 1091 671 1167 At
686 1090 803 1190 plane
820 1089 904 1165 Nos
920 1090 1028 1184 latet,
1045 1116 1124 1191 qua
1140 1090 1292 1167 ratione
1308 1088 1400 1166 huic

160 1205 415 1304 gravissimae
444 1205 672 1307 obligationi
698 1205 729 1282 ii
756 1206 884 1283 clerici
912 1206 1161 1301 satisfaciant,
1188 1207 1257 1307 qui
1283 1232 1400 1283 omne

161 1322 242 1398 fere
257 1322 381 1398 otium
403 1323 577 1423 legendis
597 1322 913 1423 ephemeridibus
934 1329 974 1399 et
993 1322 1141 1417 diariis,
1158 1323 1398 1400 romanensi·

161 1438 234 1513 bus
262 1438 426 1539 aliisque
452 1439 667 1539 nugatoriis
694 1440 839 1516 libellis
865 1438 1110 1539 impendunt
1163 1440 1294 1539 (Ibid,
1323 1440 1397 1517 No.

160 1556 263 1655 463.)
320 1555 397 1631 His
423 1557 593 1656 proiecto
618 1580 696 1631 non
722 1555 903 1632 hauritur
925 1580 1034 1632 sacra
1058 1556 1129 1632 illa
1154 1562 1194 1632 et
1219 1555 1398 1632 sublimis

162 1671 323 1748 scientia
339 1698 438 1772 quae
455 1672 614 1747 omnino
631 1675 741 1749 decet
756 1671 867 1748 verbi
884 1671 1009 1747 divini
1027 1674 1236 1748 doctorem.
1285 1671 1399 1750 Hanc

161 1786 283 1888 igitur
330 1789 405 1865 sibi
453 1796 688 1889 comparent,
730 1788 773 1865 in
822 1789 894 1864 hac
942 1789 1170 1889 amplianda
1216 1790 1398 1866 continuo

161 1903 358 1999 laborent;
385 1905 480 1981 haec
495 1904 537 1980 in
555 1905 638 1981 dies
658 1912 858 2005 augeatur,
875 1904 1014 1982 floreat
1033 1912 1073 1981 et
1091 1912 1238 1982 crescat
1254 1904 1398 1983 Christi

161 2018 432 2097 ministrorum
462 2021 633 2116 scientia,
663 2048 741 2122 qua
770 2021 958 2121 largiores
987 2021 1063 2097 sibi
1096 2021 1284 2098 hauriant
1315 2023 1397 2098 the·

161 2161 297 2213 sauros
331 2139 535 2213 Sacrarum
579 2138 880 2237 Scripturarum,
915 2163 1079 2237 eamque
1121 2138 1398 2239 mysteriorum

161 2253 385 2330 divinorum
419 2254 768 2331 fructuosissimam
802 2253 1105 2354 intelligentiam
1131 2262 1397 2354 assequantur,

161 2395 279 2470 quam
302 2370 410 2447 Deus
434 2370 589 2464 rationi,
606 2396 707 2470 quae
730 2372 807 2446 fide
832 2371 1080 2470 praelucente
1104 2371 1251 2464 sedulo,
1270 2369 1335 2470 pie
1359 2377 1399 2447 et

160 2487 288 2563 sobrie
308 2487 471 2586 quaerit,
491 2511 570 2562 non
594 2489 770 2586 denegat.
827 2487 883 2587 (C.
902 2486 1040 2580 Vatia,
1062 2487 1192 2563 Const.
1216 2494 1399 2582 1.,c.1v.)

211 2603 371 2679 Morum
389 2603 618 2703 disciplinae
640 2610 724 2679 tam
741 2604 1048 2703 supernaturalis
1066 2629 1185 2702 quam
1208 2603 1399 2679 naturalis

160 2720 307 2819 regulis
330 2745 376 2795 ac
397 2720 601 2820 principiis
623 2720 858 2819 indagandis
875 2745 1013 2795 vacare
1036 2745 1085 2795 ne
1108 2720 1304 2813 omittant,
1322 2745 1398 2820 qua

161 2842 201 2912 et
228 2836 370 2911 clarius
399 2835 637 2935 perspiciant
666 2836 910 2912 Christianae
936 2835 1095 2912 virtutis
1129 2836 1397 2912 excellentiam

161 2977 206 3028 ac
244 2952 586 3052 pulchritudinem,
621 2959 661 3029 et
699 2953 844 3029 artium
879 2960 1014 3047 artem,
1046 2979 1186 3053 nempe
1224 2953 1398 3052 regimen

161 3067 381 3143 animarum
407 3069 715 3167 provocationis
745 3095 837 3145 suae
867 3095 1028 3146 munere
1058 3070 1272 3146 addiscant.

211 3185 404 3260 Studeant
429 3210 546 3261 sanae
572 3185 852 3285 philosophiae.
905 3185 1026 3261 Recta
1051 3186 1157 3261 enim
1183 3191 1223 3261 et
1248 3186 1399 3261 exculta

160 3301 262 3375 ratio
293 3327 370 3374 non
401 3301 528 3377 solum
558 3301 648 3376 fidei
683 3303 938 3378 fundamenta
967 3304 1210 3377 demonstrat
1239 3302 1398 3401 ejusque

162 3417 310 3493 lumine
328 3417 526 3494 illustrata
541 3443 674 3493 rerum
692 3418 915 3494 divinarum
939 3419 1140 3494 scientiam
1161 3418 1312 3510 excolit,
1330 3418 1398 3493 sed

162 3540 202 3609 et
229 3533 393 3633 impiam
423 3534 513 3608 falsi
543 3535 714 3610 nominis
741 3534 942 3610 scientiam
972 3533 1190 3634 proscribit,
1216 3557 1397 3610 erroneas

162 3649 426 3726 conclusiones
444 3651 601 3749 detegit,
618 3651 820 3750 opiniones
844 3651 935 3727 fidei
960 3651 1184 3744 contrarias,
1202 3677 1303 3750 quae
1327 3650 1397 3725 ial-

161 3766 284 3842 lacem
318 3766 495 3842 veritatis
530 3767 724 3866 specimen
758 3791 852 3867 prae
886 3793 927 3844 se
960 3769 1101 3861 ierunt,
1134 3766 1328 3843 subvertit
1359 3772 1399 3842 et

161 3884 313 3959 refutat.
384 3884 512 3982 (Cone.
544 3884 631 3959 Vat.
668 3885 693 3959 l.
729 3888 776 3984 c.)
847 3884 1075 3985 Recogitent
1108 3886 1326 3961 sacerdotes
1360 3889 1400 3960 et

161 3999 289 4075 clerici
321 4026 456 4076 omnes
484 4000 720 4098 gravissima
747 4001 897 4077 monita
925 4000 1078 4077 Summi
1103 4000 1304 4078 Pontificis
1333 4000 1396 4077 iel.

162 4141 264 4215 reg:
293 4117 481 4191 “Revera
501 4117 590 4192 fidei
612 4117 832 4194 Catholicae
857 4117 1064 4211 defensi0,''
1081 4117 1139 4193 ita
1164 4118 1244 4193 Leo
1262 4117 1398 4211 XIII,

163 4234 237 4306 “in
254 4258 332 4332 qua
349 4233 526 4308 laborare
550 4234 720 4308 maxime
739 4236 982 4310 sacerdotum
1000 4235 1114 4310 debet
1136 4234 1342 4326 industria,
1359 4239 1399 4309 et

162 4373 261 4448 quae
277 4357 337 4424 est
352 4357 556 4448 tantopere
581 4350 643 4425 his
669 4350 912 4449 temporibus
935 4351 1160 4444 necessaria,
1179 4351 1397 4426 doctrinam

163 4465 358 4540 desiderat
374 4491 452 4539 non
466 4468 669 4564 vulgarem
687 4492 811 4566 neque
828 4467 1061 4543 mediocrem
1079 4469 1149 4543 sed
1165 4467 1398 4567 exquisitam

162 4585 203 4654 et
217 4581 389 4672 varian13
416 4606 515 4679 quae
533 4607 611 4656 non
628 4584 745 4658 modo
766 4607 905 4676 sacras,
922 4584 992 4659 sed
1014 4583 1134 4659 etiam
1156 4581 1397 4684 philosophi·
