3142 5242
229 455 290 517 128
358 468 540 515 rrruuus
566 467 761 517 vra-nn
791 465 1012 514 nocrarua
1040 466 1330 514 cuarsrraxn.

226 626 371 701 stantia
403 625 442 701 in
471 626 647 701 obeundo
678 649 839 700 munere
872 649 990 723 quam
1019 622 1102 699 vita
1135 631 1174 700 et
1208 621 1397 715 moribus,
1422 646 1466 699 se

226 742 332 818 fideli
357 741 502 841 populo
528 742 811 816 commendent.
864 739 1068 838 Imprimis
1101 747 1233 816 autem
1262 765 1364 839 opus
1393 746 1464 833 est,

226 864 269 934 ut
295 883 559 958 quaecumque
584 856 759 932 scribunt
782 855 859 956 ipsi
885 862 954 932 aut
978 858 1029 932 ab
1057 855 1146 932 aliis
1179 854 1328 955 scripta
1357 854 1464 931 foliis

226 974 306 1050 suis
340 974 528 1067 inserunt,
564 976 614 1050 ad
652 973 895 1048 Christianae
936 973 1137 1048 charitatis
1171 997 1216 1048 ac
1248 972 1465 1049 modestiae

226 1090 330 1189 leges
348 1090 515 1190 exigant.
562 1089 695 1165 Etiam
712 1088 780 1165 uhi
797 1090 846 1165 de
863 1087 1108 1165 sanctissima
1125 1096 1259 1164 nostra
1274 1090 1465 1188 religione

226 1208 276 1282 ab
310 1208 610 1282 obtrectatorum
649 1205 986 1281 criminationibus
1019 1212 1059 1282 et
1091 1207 1299 1282 calumniis
1333 1209 1464 1285 defen·

226 1325 353 1400 denda
388 1323 527 1422 agitur,
561 1323 662 1398 illud
696 1321 770 1397 sibi
804 1323 1048 1422 propositum
1091 1323 1271 1417 habeant,
1307 1324 1465 1402 divinae

225 1439 402 1515 veritatis
428 1440 559 1515 hostes
585 1447 904 1538 argumentorum
929 1439 1123 1538 gravitate
1147 1441 1368 1535 retundere,
1387 1466 1465 1518 non

225 1555 355 1631 verbis
398 1555 670 1654 asperioribus,
714 1554 930 1631 maledictis
971 1563 1011 1631 et
1052 1555 1223 1631 dicteriis
1271 1555 1464 1635 insectari.

226 1673 339 1763 Quod
375 1698 467 1747 sane
501 1672 676 1771 postulat
708 1671 882 1771 aequitas
916 1678 957 1748 et
989 1670 1077 1771 ipsa
1105 1697 1243 1748 causae
1277 1674 1464 1752 sanctitas

225 1814 344 1889 quam
370 1788 444 1863 sibi
469 1789 656 1864 tuendam
682 1794 987 1886 assumpserunt.
1040 1787 1177 1888 Neque
1206 1789 1323 1865 aliter
1349 1817 1464 1891 agen·

225 1901 333 1994 dum,
362 1899 428 1976 ubi
455 1900 557 1975 inter
582 1900 801 1975 Catholicos
826 1899 942 1995 viros,
969 1900 1080 1976 salva
1104 1902 1191 1996 fide,
1218 1900 1352 2002 aliqua
1376 1928 1464 1980 con·

225 2017 416 2093 troversia
450 2017 599 2093 existet.
661 2016 702 2092 Si
732 2042 757 2092 a
787 2016 976 2092 Catholici
1010 2016 1228 2117 cujuspiam
1263 2019 1465 2118 scriptoris

225 2133 379 2233 placitis
406 2133 612 2209 dissentire
637 2132 768 2226 libeat,
786 2132 1020 2210 dissentiant
1042 2133 1222 2233 quidem,
1248 2141 1466 2235 temperate

224 2256 356 2326 tamen
391 2250 432 2325 id
466 2251 535 2324 fiat
568 2256 605 2325 et
635 2248 719 2324 sine
754 2249 972 2326 acerbitate.
1025 2249 1074 2325 In
1104 2250 1330 2327 hominibus
1360 2253 1465 2330 euim

226 2367 383 2441 “bonae
401 2365 649 2441 voluntatis''
677 2365 899 2441 Christiana
923 2366 1093 2442 charitas
1118 2392 1207 2442 cum
1233 2368 1465 2468 opinionum

225 2482 387 2559 dissidio
406 2482 553 2580 optime
570 2481 779 2557 consistere
805 2489 944 2581 potest.
995 2484 1154 2559 Addere
1171 2484 1300 2582 placet
1315 2487 1464 2585 gravis·

225 2599 365 2674 simam
410 2598 561 2672 Summi
605 2598 803 2673 Pontificis
844 2597 986 2674 Leonis
1020 2598 1143 2675 XIII.
1181 2603 1465 2692 auctoritatem,

225 2716 334 2813 cujus
377 2716 471 2790 haec
513 2722 604 2789 sunt
641 2716 779 2790 verba:
825 2716 908 2789 “In
951 2717 1225 2793 controversiis
1268 2719 1465 2816 agitandis

224 2834 441 2906 cavendum
476 2840 535 2906 est
569 2856 617 2906 ne
653 2834 791 2907 modus
827 2831 1080 2925 transiliatur,
1111 2859 1227 2932 quem
1258 2837 1465 2935 aequitatis

224 2948 473 3046 caritatisque
509 2948 614 3046 leges
652 2948 946 3046 praescribunt3
991 2974 1087 3025 neve
1122 2958 1267 3026 temere
1301 2951 1488 3030 insimu·.

225 3065 355 3139 lentur
385 3065 448 3137 vel
483 3063 524 3138 in
560 3065 819 3162 suspicionem
855 3068 1098 3141 adducantur
1132 3066 1207 3141 viri
1241 3071 1466 3170 ceteroquin

226 3180 419 3255 Ecclesiae
439 3180 624 3255 doctrinis
642 3181 798 3274 addicti,
812 3182 981 3256 maxime
998 3190 1130 3258 autem
1147 3183 1214 3283 qui
1231 3183 1274 3259 in
1292 3185 1466 3262 Ecclesia

225 3297 415 3395 dignitate
442 3303 480 3371 et
510 3304 700 3394 potestate
735 3298 1010 3394 praecellunt.’'
1068 3298 1176 3396 (Litt
1203 3301 1311 3376 Licet
1338 3304 1465 3396 multu,

226 3414 379 3511 3Aug.
408 3415 533 3511 1881.)

276 3533 361 3606 230.
398 3530 674 3604 Erubescimus
702 3530 858 3629 quidem
894 3538 933 3605 et
967 3532 1137 3608 maximo
1172 3534 1296 3609 animr
1333 3538 1464 3614 dolore

225 3671 525 3738 commovemur,
553 3649 657 3745 quod
689 3672 758 3721 nos
788 3647 995 3745 pastoralis
1024 3648 1137 3724 officii
1164 3649 1264 3725 ratio
1294 3652 1463 3728 Catholi-

226 3789 358 3838 carum
394 3762 686 3861 ephemeridum
728 3763 934 3861 scriptores
977 3763 1119 3841 iterum
1162 3774 1279 3866 atque
1321 3767 1464 3846 iterum

226 3904 383 3954 monere
408 3887 520 3977 cogat
536 3905 585 3953 ne
603 3905 673 3977 per
690 3905 731 3954 se
748 3878 836 3978 ipsi,
855 3905 980 3979 neque
996 3907 1067 3979 per
1092 3882 1300 3982 scriptores
1326 3886 1462 3962 auxili·

226 3996 339 4088 arios,
360 3995 463 4069 viros
490 3995 765 4071 ecclesiasticos
791 4005 830 4071 et
856 3996 1024 4072 maxime
1042 3997 1255 4098 Episcopos
1273 4000 1465 4078 lacessant

225 4137 436 4210 eorumque
466 4111 689 4205 sententias,
716 4114 870 4187 decreta
899 4119 939 4187 et
968 4114 1046 4188 alia
1075 4141 1174 4214 quae
1204 4115 1245 4190 in
1277 4119 1461 4195 adminis-

225 4231 366 4303 tranda
409 4227 572 4303 dioecesi
623 4228 904 4322 constituerint,
949 4233 1131 4306 audacter
1181 4233 1343 4309 arbitrio
1397 4262 1463 4312 suo

227 4345 450 4437 metiantur,
494 4344 717 4442 dijudicent,
760 4345 993 4444 improbent,
1037 4355 1151 4447 atque
1199 4350 1271 4424 hac
1312 4353 1463 4428 ratione

226 4461 405 4535 fidelibus
436 4468 475 4535 et
504 4460 726 4536 acatholicis
761 4466 1043 4538 contemnenda
1073 4472 1112 4539 et
1140 4464 1343 4543 irridenda
1377 4495 1461 4569 pro·

227 4584 385 4673 ponant.
437 4575 619 4674 Apostoli
645 4578 776 4674 potius
807 4579 944 4676 (Hebr.
968 4601 1064 4655 x111.
1084 4581 1159 4680 17.)
1190 4584 1463 4682 praecipientis
