3142 5242
475 481 530 527 DE
558 481 819 529 summanus
848 481 1107 530 amoremne.
1366 468 1408 532 89

173 635 318 711 simum
364 636 498 712 habita
544 637 804 713 Conciliorum
847 636 1081 713 Nostrorum
1124 637 1406 731 Plenariorum,

172 749 290 850 idque
324 751 399 826 sibi
433 760 656 852 proponant
688 753 879 852 magistri,
906 759 951 828 ut
983 779 1180 829 sacrorum
1214 779 1406 829 canonum

172 892 250 942 non
276 869 404 944 solum
429 869 689 967 cognitionem
707 894 844 945 verum
870 869 989 945 etiam
1015 894 1187 945 amorem
1214 876 1253 945 61
1279 870 1406 945 obser·

170 983 346 1101 vantiam
379 986 608 1084 provehant.

222 1100 308 1176 173.
342 1101 481 1176 Sacrae
507 1100 763 1201 Eloquentiae
788 1109 1016 1202 praeceptor
1039 1110 1213 1178 accurate
1239 1109 1408 1200 exponat

170 1214 397 1315 eloquenter
430 1217 584 1293 dicendi
622 1218 814 1317 principia
849 1243 893 1294 ac
931 1218 1099 1317 optimas
1142 1218 1243 1293 circa
1275 1217 1407 1292 varios

169 1333 421 1432 praedicandi
447 1336 583 1409 modos
608 1336 774 1433 regulas.
836 1334 938 1425 Quia
962 1360 1054 1410 vero
1081 1360 1221 1434 parum
1247 1335 1407 1433 prodest

169 1448 411 1548 eloquentiae
428 1475 607 1549 promere
623 1451 815 1527 theoriam
834 1451 910 1527 nisi
934 1451 1125 1551 practicae
1141 1451 1407 1549 adjungantur

168 1565 472 1658 exercitationes,
507 1567 648 1666 quibus
687 1568 888 1661 actionem,
923 1568 1180 1643 elocutionem
1214 1565 1333 1642 simul
1367 1571 1407 1642 61

168 1682 315 1780 stylum
346 1685 580 1758 edoceantur
610 1684 802 1783 discipuli,
829 1684 975 1783 singuli
1005 1683 1223 1783 theologiae
1247 1689 1406 1782 tyrones

167 1802 375 1872 teneantur
397 1824 526 1874 coram
551 1800 750 1899 magistris
773 1808 813 1877 et
835 1800 1110 1899 condiscipulis
1126 1798 1248 1875 semel
1265 1799 1405 1874 saltem

167 1910 209 1987 in
227 1939 329 1988 anno
348 1915 570 1991 concionem
587 1917 740 2011 habere,
759 1925 804 1993 ut
824 1925 1047 1992 assuescant
1066 1916 1184 2015 digne
1201 1940 1245 1990 16
1261 1915 1405 1990 fructu·

167 2053 233 2103 616
250 2029 359 2129 loqui
382 2030 424 2105 in
448 2032 615 2131 publico.
667 2032 950 2132 Magistrorum
974 2033 1050 2108 erit
1072 2038 1164 2132 post
1185 2031 1407 2106 concionem

166 2145 276 2238 vitia,
296 2145 329 2221 si
353 2173 453 2245 quae
473 2148 812 2246 deprehenderint,
831 2156 967 2224 notare
983 2155 1023 2223 et
1039 2148 1242 2246 corrigere.
1295 2145 1406 2244 Mag·

166 2262 406 2337 nemetiam
437 2263 692 2362 quipraeest
719 2263 795 2340 arti
824 2264 924 2340 bene
953 2263 1108 2340 dicendi
1137 2264 1180 2338 in
1211 2288 1257 2338 eo
1287 2268 1410 2362 ponat

165 2375 413 2472 industriam,
432 2388 478 2454 ut
499 2378 629 2455 clerici
654 2380 858 2455 addiscant
882 2381 1076 2456 elementa
1097 2379 1188 2454 fidei
1215 2379 1338 2454 nitide
1364 2401 1408 2452 16

164 2495 284 2594 plane
313 2495 584 2571 catechizando
619 2497 810 2588 evolvere,
837 2495 1132 2595 doctrinamque
1165 2493 1406 2570 Catholicam

164 2635 255 2686 cum
282 2611 559 2711 perspicuitate
583 2619 624 2689 et
647 2612 834 2689 facilitate
858 2612 1049 2688 sermonis
1074 2636 1275 2711 exponere.

217 2731 302 2804 174.
339 2728 387 2802 11
417 2728 531 2825 praxi
556 2729 888 2804 caeremoniarum
918 2728 1128 2827 diligenter
1157 2736 1407 2804 exerceantur

165 2843 316 2936 clerici3
342 2844 491 2919 rituum
509 2869 708 2921 sacrorum
728 2844 935 2943 explicatio
952 2847 1132 2920 tradatur
1148 2843 1204 2919 eis
1222 2843 1407 2920 historica

165 2966 206 3036 61
231 2960 407 3059 mystica.
472 2961 619 3037 Cantus
645 2961 877 3060 Gregoriani
903 2963 1063 3036 demum
1089 2960 1309 3035 habeantur
1331 2961 1405 3036 lec·

163 3075 291 3152 tiones
316 3076 548 3152 theoreticae
574 3101 619 3152 ac
644 3076 847 3176 practicae,
868 3102 965 3176 quas
996 3101 1132 3151 omnes
1159 3076 1405 3175 frequentare

164 3198 392 3285 teneantur3
436 3219 507 3269 nec
540 3219 587 3269 ex
620 3193 725 3270 facili
758 3195 810 3269 ad
841 3218 970 3269 116161
1000 3192 1157 3268 ordines
1194 3192 1408 3269 admittant

166 3308 351 3408 Episcopi
382 3335 490 3408 quos,
517 3311 628 3385 nulla
656 3317 863 3386 excusante
890 3309 1067 3408 legitima
1093 3333 1221 3400 causa,
1245 3316 1405 3384 cantum

165 3448 320 3501 sacrum
337 3427 552 3525 neglexisse
572 3426 842 3524 compererint
899 3425 1028 3524 (Cone.
1048 3425 1164 3500 ProV.
1185 3425 1404 3503 Ravennat.

165 3543 351 3641 11855.)

217 3659 303 3736 175.
330 3659 514 3748 Quolibet
530 3659 707 3736 semestri
725 3666 983 3753 6161111111
999 3658 1119 3734 semel
1137 3659 1276 3734 saltem
1294 3665 1404 3758 quot·

165 3774 290 3868 annia,
309 3801 444 3850 omnes
465 3776 667 3851 seminarii
687 3776 849 3875 majoris
870 3775 1022 3850 alumni
1043 3800 1205 3850 examen
1225 3774 1268 3850 in
1285 3774 1405 3851 variis

166 3890 385 3990 disciplinis
411 3893 541 3968 subire
566 3891 785 3991 adigantur,
802 3917 934 3967 coram
959 3890 1153 3990 Episcopo
1176 3891 1239 3966 vel
1260 3890 1405 3966 vicario

165 4007 337 4107 generali
362 4016 402 4084 et
423 4007 753 4084 examinatoribus
776 4007 880 4102 cleri,
898 4006 1085 4083 adhibitis
1108 4007 1226 4082 etiam
1251 4006 1339 4083 aliis
1356 4009 1405 4082 de

165 4124 267 4199 clero
285 4124 511 4200 dioecesano
529 4124 706 4201 doctrina
723 4125 1024 4223 praestantibus.
1082 4123 1289 4199 Praeterea
1305 4123 1404 4198 rela-

165 4238 221 4314 tio
255 4240 324 4315 fiat
361 4241 570 4340 quotannis
604 4241 654 4317 de
687 4248 793 4317 statu
831 4239 1135 4338 uniuscujusque
1169 4238 1320 4315 alumni
1353 4239 1404 4314 ad

166 4356 369 4455 proprium
400 4356 649 4456 Episcopum.

218 4473 301 4550 176.
355 4472 642 4572 “Experientia
680 4473 824 4566 docet,''
864 4473 977 4571 ajunt
1015 4473 1153 4548 Patres
1192 4469 1403 4570 superioris

168 4586 329 4663 Concilii
364 4589 548 4683 Plenarii,
588 4589 778 4689 “saepius
812 4589 978 4683 evenire,
1014 4595 1057 4663 11
1096 4588 1246 4663 alumni
1285 4588 1402 4664 unius
