3142 5242
246 437 300 482 DE
330 437 665 484 UNIFORMITA'I'E
695 438 741 483 IN
771 438 915 483 FESTIS
945 438 995 482 ΕΤ
1024 436 1236 483 JEJUNIIS.
1320 419 1361 483 57

125 592 387 668 communiter
413 593 636 668 acatholicis
665 593 788 667 vitam
820 617 1004 691 quaerere
1034 598 1235 690 coguntur,
1264 616 1307 666 ac
1337 617 1361 666 a

124 708 323 784 laboribus
340 708 402 784 his
420 709 557 785 diebus
573 735 722 786 cessare
745 735 823 785 non
847 709 1185 809 permitterentur3
1212 714 1253 783 et
1268 732 1361 784 sane

123 824 286 924 spiritus
304 825 576 901 aemulationis
594 826 696 902 inter
712 825 927 901 industriae
949 832 1134 924 patronos
1157 823 1213 900 ita
1235 825 1361 900 fervet

123 949 168 1017 ut
187 941 513 1040 interruptionem
534 942 616 1042 pati
635 950 704 1018 aut
723 968 764 1018 se
782 968 860 1018 non
877 967 990 1041 posse
1008 941 1149 1034 dicant,
1169 948 1238 1016 aut
1257 948 1360 1017 certe
1492 972 1495 979 ’

123 1058 260 1133 nolint.
298 1058 403 1133 Hinc
419 1067 585 1157 peccata,
600 1059 691 1134 hinc
708 1058 962 1134 conscientiae
979 1058 1110 1151 falsae,
1128 1056 1219 1132 hinc
1236 1055 1358 1155 spreti
1386 1141 1388 1146 ¹

121 1181 298 1273 pastores
316 1174 356 1249 in
375 1174 613 1251 contrarium
632 1177 777 1250 frustra
793 1182 987 1250 conantes.

172 1290 257 1365 110.
292 1290 494 1366 Similibus
529 1291 744 1367 rationibus
780 1290 886 1381 moti,
923 1290 1060 1366 Patres
1095 1290 1206 1365 Conc.
1239 1289 1357 1366 Prov.

121 1406 224 1482 Balt.
257 1407 335 1482 III.
371 1407 532 1482 Summo
569 1407 747 1483 Pontifici
784 1408 971 1506 Gregorio
1003 1407 1117 1482 XVI.
1153 1432 1183 1482 s.
1215 1432 1268 1482 m.
1301 1405 1359 1482 ita

119 1523 414 1621 supplicarunt:
453 1532 473 1566 “
489 1524 742 1599 Gravissimis
777 1524 1068 1600 difficultatibus
1102 1549 1190 1598 cum
1224 1523 1357 1598 fideles

119 1639 343 1737 subjaceant
380 1638 422 1714 in
457 1640 519 1715 his
552 1641 776 1740 regionibus
812 1640 940 1739 quoad
982 1639 1134 1715 dierum
1168 1641 1356 1715 festorum

118 1754 440 1849 observationem,
489 1757 782 1832 Beatitudinem
834 1757 1018 1832 Vestram
1068 1756 1356 1855 implorandam

95 1897 99 1904 ·
118 1871 313 1965 duximus,
333 1879 377 1948 ut
394 1872 578 1971 dignetur
595 1898 659 1949 eos
681 1875 832 1949 solvere
849 1872 1086 1972 obligatione
1103 1897 1202 1972 quae
1218 1870 1356 1971 pleris-

117 2014 193 2087 que
214 1987 255 2062 in
278 1989 516 2065 dioecesibus
534 1989 651 2088 viget,
671 1989 853 2065 servandi
874 1988 1012 2064 feriam
1035 1990 1244 2065 secundam
1263 1987 1356 2063 Pas·

116 2104 242 2179 chatis
269 2112 309 2179 et
326 2104 583 2197 Pentecostes,
603 2106 658 2182 ita
685 2113 729 2182 ut
748 2106 833 2204 jam
860 2130 938 2180 non
965 2113 1171 2180 teneantur
1196 2105 1357 2179 missam

118 2221 254 2296 audire
280 2221 343 2296 vel
370 2222 420 2296 ab
445 2222 628 2320 operibus
654 2223 862 2299 servilibus
889 2222 1083 2297 abstinere
1108 2220 1157 2295 iis
1183 2221 1356 2296 diebus.”

117 2336 182 2427 (ln
210 2337 351 2436 Actis.)
407 2337 572 2431 Pariter,
599 2339 745 2429 “uuod
772 2341 822 2414 ad
849 2337 1075 2414 Provincias
1101 2338 1137 2413 S.
1161 2336 1357 2414 Francisci

117 2461 234 2554 utque
256 2454 543 2552 Oregonensem
565 2463 604 2531 et
625 2456 841 2531 Dioecesim
863 2456 1026 2530 Sanctae
1047 2453 1159 2529 Fidei
1181 2453 1356 2548 attinet,”

116 2570 300 2646 dixerunt
326 2571 463 2647 Patres
490 2572 603 2648 Cone.
627 2572 736 2648 Plen.
760 2573 864 2648 Balt.
883 2572 952 2664 II.,
975 2572 1191 2647 “Sanctam
1216 2571 1355 2647 Sedem

116 2688 307 2762 orandam
325 2712 408 2763 esse
425 2713 636 2782 censemus,
651 2697 696 2764 ut
712 2714 782 2787 pro
797 2688 967 2788 quinque
984 2687 1064 2762 illis
1082 2687 1190 2762 festis
1207 2686 1355 2782 diebus,

116 2803 258 2903 quibus
284 2829 308 2879 a
333 2803 612 2881 Baltimorensi
638 2805 839 2905 provincia
865 2805 1097 2903 discrepant,
1123 2805 1356 2879 concedatur

117 2919 356 3020 dispensatio
386 2922 515 3020 quoad
548 2930 798 3020 praeceptum
829 2920 991 2996 missam
1022 2919 1206 2995 audiendi
1237 2927 1277 2995 et
1306 2920 1355 2996 ab

116 3036 299 3135 operibus
319 3037 525 3113 servilibus
544 3038 776 3130 abstinendi,
790 3063 869 3112 non
886 3043 1019 3113 tamen
1037 3038 1165 3136 quoad
1182 3035 1353 3112 devotio·

116 3177 207 3228 nem
225 3159 265 3227 et
283 3154 569 3230 solemnitatem
587 3154 825 3229 externam.”
881 3153 971 3252 (Nc.
990 3154 1092 3251 383.)

167 3271 253 3345 111.
289 3269 394 3344 Hinc
424 3271 670 3346 adsalutem
701 3271 922 3346 animarum
953 3295 1024 3368 per
1048 3269 1238 3367 majorem
1269 3268 1353 3344 uni·

116 3385 354 3462 formitatem
381 3385 423 3461 in
449 3387 558 3462 festis
583 3389 903 3487 promovendam,
930 3385 1114 3461 Patribus
1139 3385 1269 3461 visum
1295 3393 1356 3460 est

117 3501 366 3602 Apostolicae
390 3502 481 3579 Sedi
505 3504 700 3602 supplices
720 3505 860 3578 offerre
880 3527 1013 3601 preces
1035 3510 1082 3576 ut
1103 3527 1152 3576 cx
1173 3500 1355 3577 omnibus

116 3617 225 3693 iestis
251 3620 358 3716 apud
384 3645 455 3694 nos
474 3619 560 3718 jam
586 3619 820 3719 vigentibus
838 3618 909 3693 illa
934 3625 1088 3693 tantum
1113 3617 1355 3693 retineantur

116 3759 282 3834 quorum
300 3735 529 3830 observatio,
543 3736 700 3811 attentis
719 3734 924 3811 devotione
941 3734 1115 3810 fidelium
1133 3741 1173 3808 et
1188 3733 1354 3832 publicis

117 3850 302 3945 moribus,
328 3851 479 3928 felicius
506 3852 656 3952 sperari
683 3859 822 3951 potest.
875 3850 987 3926 Talia
1014 3858 1145 3925 autem
1171 3849 1355 3925 videntur

117 3991 200 4042 esse
216 3992 284 4044 sex
301 3994 401 4067 quae
418 3979 653 4068 sequuntur:

368 4085 627 4161 Immaculata
645 4085 854 4184 Conceptio
873 4084 919 4159 B.
939 4083 996 4158 M.
1015 4083 1086 4175 V.;

367 4201 564 4278 Nativitas
582 4202 631 4278 D.
650 4203 700 4278 N.
719 4202 756 4277 J.
775 4202 839 4296 (l.;

366 4316 615 4394 Circumcisio
634 4318 680 4394 D.
700 4319 750 4394 N.
769 4318 805 4394 J.
822 4318 887 4411 O.;

368 4434 553 4511 Ascensio
572 4435 621 4511 D.
640 4435 691 4512 N.
709 4435 746 4511 J.
764 4435 829 4528 O.;

366 4551 597 4650 Assumptio
615 4551 662 4628 B.
681 4552 738 4626 M.
756 4551 828 4644 V.;

369 4666 529 4743 Festum
548 4667 735 4744 Omnium
753 4669 993 4743 Sanctorum.
