3142 5242
223 484 285 546 118
351 496 757 545 r1ruuusv1r.—1›a
787 497 1006 543 uocrantn
1035 496 1328 545 cuarsrrarsn.

223 653 337 745 Quod
363 653 397 728 si
426 652 513 752 quis
540 651 734 728 obstinate
761 651 985 751 neglexerit,
1012 652 1063 728 ab
1090 650 1297 729 Ordinatio
1327 675 1487 726 severe·

223 769 420 870 puniatur.
497 769 633 845 Sermo
675 792 768 843 vero
817 767 976 867 proprie
1018 768 1144 843 dictus
1185 768 1378 843 habeatur
1418 766 1460 842 in

223 886 344 962 missa
372 886 514 962 ultima
542 911 641 985 quae
671 885 777 984 apud
807 908 878 959 nos
908 884 1028 959 missa
1056 881 1348 960 communitatis
1378 882 1461 958 sive

223 1001 456 1102 parochialis
480 1010 697 1101 reputatur.

273 1119 331 1195 Ut
363 1126 495 1194 autem
524 1143 642 1218 quam
677 1118 848 1194 maxime
881 1118 997 1194 utiles
1031 1120 1200 1211 evadant
1232 1115 1460 1216 hujusmodi

222 1234 505 1328 conciunculae,
539 1234 803 1309 sacerdotibus
839 1234 1017 1333 impense
1054 1236 1264 1310 suademus
1303 1240 1349 1309 ut
1382 1258 1460 1308 non

223 1351 350 1427 solum
384 1376 433 1427 ex
465 1350 690 1449 evangelica
721 1349 886 1426 lectione
919 1350 1069 1425 monita
1102 1349 1289 1425 salutaria
1322 1352 1458 1450 depro-

222 1475 344 1562 mant,
362 1469 432 1543 sed
454 1467 672 1542 doctrinam
695 1465 959 1541 Christianam
981 1475 1071 1566 apte
1093 1468 1248 1542 tradere
1263 1469 1458 1560 studeant,

222 1584 340 1660 etiam
358 1585 569 1659 secundum
588 1582 765 1658 ordinem
783 1581 1017 1658 catechismi
1034 1582 1252 1658 Tridentini
1270 1584 1323 1658 ad
1340 1582 1458 1658 Paro·

221 1701 323 1794 chos‚
341 1700 405 1775 vel
431 1697 659 1793 dioecesani,
676 1706 747 1775 aut
769 1698 889 1775 etiam
914 1697 1077 1775 alterius
1101 1697 1257 1799 probati
1279 1698 1459 1776 auctoris

221 1816 284 1892 Sic
312 1841 538 1892 sermonum
568 1822 798 1915 argumenta
825 1841 920 1915 prae
949 1815 1131 1891 manibus
1159 1840 1316 1914 semper
1343 1816 1458 1892 habe

221 1933 320 2009 bunt
343 1941 384 2009 et
407 1933 539 2007 minus
568 1932 682 2007 facile
711 1939 933 2008 assuescent
961 1932 1152 2032 populum
1177 1931 1351 2032 vulgatis
1376 1931 1458 2033 qui·

220 2050 387 2126 busdam
404 2047 567 2125 docendi
591 2046 719 2124 modis
735 2047 877 2146 quibus
899 2049 945 2123 fit
968 2056 1014 2124 ut
1035 2050 1226 2148 quaedam
1250 2048 1459 2148 praecipua

163 2156 167 2162 ’
221 2165 502 2265 discipulorum
536 2162 681 2239 Christi
716 2164 839 2239 officia
877 2170 916 2239 et
953 2164 1047 2240 fidei
1083 2164 1270 2264 mysteria
1303 2164 1459 2241 silentio

221 2280 597 2383 praetermittantur.

272 2398 449 2497 Denique
483 2397 682 2472 Christum
717 2397 864 2473 imitari
895 2400 1079 2474 studeant
1102 2397 1212 2474 verbi
1243 2397 1319 2474 Dei
1349 2424 1458 2500 prae·

222 2512 431 2606 dicatores;
475 2512 556 2589 sint
592 2512 727 2606 sancti,
762 2515 910 2588 mundo
948 2513 1129 2608 crucifixi,
1163 2515 1240 2589 fide
1278 2515 1389 2614 pleni
1422 2527 1460 2591 et

221 2631 381 2706 caritate
410 2629 557 2705 incensi
588 2636 633 2705 ut
658 2629 783 2705 divini
810 2629 1079 2728 Praeceptoris
1108 2654 1217 2705 more
1246 2630 1394 2706 faciant
1422 2637 1461 2707 et

222 2749 395 2822 doceant.

680 3086 892 3159 CAPUT
932 3086 1003 3161 II.

659 3269 723 3343 Du
750 3268 1022 3343 Carncnrsno

269 3439 357 3514 217.
402 3436 592 3512 Omnibus
627 3435 796 3533 quidem,
823 3435 891 3509 sed
925 3435 1102 3533 parvulis
1136 3438 1390 3536 potissimum
1423 3448 1464 3517 et

219 3555 382 3631 rudibus
400 3551 587 3650 mysteria
603 3550 713 3648 regni
728 3549 803 3624 Dei
819 3551 1045 3626 revelantur
1061 3551 1279 3630 ministerio
1297 3538 1462 3632 Sanctae

220 3671 362 3744 Matris
388 3667 594 3758 Ecclesiae,
621 3692 728 3765 quae
745 3691 899 3764 sempor
924 3667 1031 3741 omni
1062 3694 1136 3766 ope
1161 3676 1202 3743 et
1226 3695 1348 3768 opera
1372 3697 1460 3748 con·

219 3786 355 3880 tendit,
383 3792 428 3860 ut
460 3784 560 3859 lactc
593 3782 769 3857 coelestis
797 3781 996 3858 doctrinae
1023 3783 1173 3883 jugiter
1198 3788 1460 3865 enutriantur.
1498 3812 1504 3822 ·

170 3960 179 3978 .
221 3902 326 3977 Hinc
342 3908 585 3977 sacrosancta
598 3898 826 3973 Tridentino
843 3901 1015 3997 synodus
1034 3901 1238 4000 Episcopis
1256 3905 1462 3981 mandavit

221 4026 264 4095 ut
280 4019 420 4092 saltem
442 4014 648 4092 dominicis
669 4021 708 4090 et
725 4015 813 4089 aliis
829 4015 937 4090 festis
956 4015 1092 4091 diebus
1109 4042 1249 4116 pueros
1266 4018 1310 4094 in
1328 4020 1459 4120 singu·

220 4135 269 4210 lis
303 4133 497 4234 parochiis
530 4130 620 4206 fidei
655 4130 878 4206 rudimenta
911 4132 1047 4207 docere
1080 4141 1273 4210 curarent.
1343 4138 1459 4237 (Sess.

219 4273 348 4343 xx1v.‚
366 4251 416 4324 de
435 4249 519 4323 Ref.
538 4273 569 4322 c.
587 4248 639 4346 4.)
696 4248 762 4322 Ad
782 4255 948 4322 rectores
973 4249 1196 4324 animarum
1221 4261 1375 4351 spectat
1392 4279 1461 4354 per

219 4367 366 4465 seipsos
383 4390 541 4464 pascere
558 4363 688 4462 gregis
706 4363 766 4437 sui
788 4389 919 4461 agnos.
974 4364 1104 4440 Patris
1122 4366 1280 4443 nomine
1297 4394 1458 4468 prorsus

219 4483 405 4580 indignus
422 4482 521 4555 foret
537 4479 617 4572 ille,
632 4479 699 4578 qui
712 4479 792 4553 filio
806 4480 909 4555 fame
927 4482 1105 4580 pereunti
1123 4508 1266 4582 panem
1279 4486 1459 4586 frangere

219 4599 350 4697 inique
367 4603 572 4671 recusaret.
616 4595 810 4670 Volumus
834 4621 936 4695 ergo,
955 4605 1000 4671 ut
1025 4608 1191 4672 rectores
1209 4601 1457 4677 ecclesiarum
