3204 5242
217 465 276 529 xiv
502 481 735 527 nncnsruu
765 482 1168 529 rnouonoarroms

216 636 335 703 simum
355 637 477 704 tulisse.
521 637 606 704 Cum
631 637 718 703 enim
744 637 881 703 Concilii
906 638 1030 704 decreta
1059 637 1316 702 Eminentissimi
1342 638 1453 704 Patres

216 741 313 807 Sacro
333 740 479 808 Consilio
499 740 684 807 Christiano
705 741 739 806 N
740 742 841 807 omini
858 742 1065 829 propagando
1078 742 1249 828 praepositi
1263 751 1408 807 accurata
1421 751 1454 808 et

216 843 365 932 diligenti
392 846 601 932 inquisitione
628 844 862 931 expendissent,
890 845 1126 931 nonnullasque
1153 844 1389 910 emendationes
1415 868 1453 911 ae

217 948 468 1014 modificationes
495 949 691 1036 adjecissent,
712 949 823 1015 eadem
851 957 890 1014 ut
917 949 959 1014 ab
986 950 1136 1015 omnibus
1160 948 1203 1014 ad
1227 971 1309 1036 quos
1333 958 1454 1036 spectat

216 1052 447 1119 inviolabiliter
459 1052 669 1119 observentur
685 1062 947 1140 recognoverunt.
992 1052 1165 1118 Decretum
1178 1051 1350 1136 haedere,
1364 1053 1451 1140 quod

215 1155 272 1222 SS.
285 1156 446 1222 Dominus
460 1156 579 1222 Noster
591 1165 665 1243 post
677 1156 863 1222 relationem
877 1156 1043 1223 Secretarii
1056 1155 1197 1243 ejusdem
1212 1156 1300 1222 Sacri
1316 1156 1452 1223 Consilii

215 1260 359 1347 expediri
382 1262 492 1347 jussit,
513 1260 556 1327 ad
584 1283 699 1326 manus
726 1261 863 1327 Nostras
891 1261 1048 1348 pervenit,
1070 1269 1102 1325 et
1130 1260 1165 1324 in
1194 1260 1327 1325 archivo
1355 1260 1452 1348 hujus

215 1364 352 1431 Nostrae
365 1356 634 1452 Metropolitanus
648 1364 808 1430 Ecclesiae
820 1375 1011 1430 asservatur.

258 1468 329 1534 Nos
356 1469 459 1556 igitur
485 1492 533 1552 ea,
561 1491 627 1557 qua
653 1477 808 1556 tanquam
837 1468 1013 1556 Delegatus
1042 1468 1248 1555 Apostolicus
1282 1469 1451 1556 pollemus,

214 1574 401 1639 auctoritate
422 1572 558 1638 Decreta
571 1597 592 1639 a
606 1572 759 1638 Patribus
780 1572 919 1638 Concilii
934 1572 1076 1638 Plenarii
1091 1572 1335 1638 Baltimorensis
1348 1573 1451 1638 Tertii

215 1676 280 1742 lata
293 1685 326 1742 et
338 1700 358 1743 a
372 1677 488 1743 Sancta
508 1677 589 1743 Sede
603 1677 765 1764 recognita
784 1675 1027 1762 promulgamus
1040 1698 1098 1762 per
1112 1676 1204 1742 hasce
1217 1686 1406 1763 praesentes,
1419 1687 1452 1743 et
1526 1669 1529 1675 ’

213 1803 273 1867 pro
287 1782 350 1846 rite
362 1780 575 1868 promulgatis
588 1780 698 1846 haberi
708 1781 880 1862 volumus3
902 1789 935 1844 et
947 1778 989 1844 ab
1003 1779 1153 1845 omnibus
1167 1802 1306 1868 quorum
1321 1780 1452 1846 interest

214 1885 370 1952 inviolate
383 1885 541 1951 servanda
553 1883 760 1951 declaramus.

257 1988 467 2054 Declaramus
487 1989 619 2075 insuper
639 1987 765 2054 decreta
777 1988 886 2054 omnia
901 1988 1037 2054 Concilii
1053 1989 1162 2054 statim
1177 1987 1218 2053 ab
1233 1988 1293 2054 hac
1306 1988 1451 2077 promul-

213 2093 341 2180 gatione
360 2094 432 2160 vim
453 2116 545 2158 suam
566 2102 599 2158 et
619 2093 718 2158 robur
738 2092 863 2176 habere,
884 2092 1107 2180 plenariosque
1127 2102 1160 2158 et
1181 2093 1321 2179 integros
1342 2093 1450 2158 sortiri

214 2196 352 2281 effectus,
365 2197 447 2285 quin
462 2197 608 2262 ulteriori
629 2196 886 2284 promulgatione
905 2219 987 2283 opus
1005 2198 1058 2278 sit,
1072 2206 1170 2283 prout
1183 2196 1218 2260 in
1233 2196 1346 2261 Titulo
1363 2196 1451 2262 Ulti-

214 2324 268 2366 mo
283 2301 420 2367 Concilii
434 2300 596 2366 statuitur.
636 2299 803 2367 Volumus
816 2308 925 2365 tamen
933 2302 1031 2386 juxta
1041 2301 1182 2386 ejusdem
1196 2298 1285 2364 tituli
1299 2308 1449 2383 tenorem,

214 2404 311 2469 utin
335 2404 474 2491 Synodis
503 2404 762 2469 Prouincialibus
790 2411 823 2469 et
851 2403 1054 2469 Dioeoesanis
1083 2413 1156 2490 post
1184 2403 1269 2469 hano
1296 2403 1450 2469 Nostram

214 2507 503 2595 promulgationem
531 2508 773 2595 quamprimum
801 2508 957 2573 habendis
984 2507 1027 2573 ad
1056 2509 1209 2593 majorem
1237 2507 1394 2572 cautelam
1418 2516 1451 2572 et

213 2611 445 2678 solemnitatem
466 2611 573 2677 denuo
597 2611 853 2699 promulgentur,
873 2611 1035 2697 simulque
1063 2611 1169 2675 media
1197 2610 1312 2677 idonea
1339 2612 1450 2697 provi-

214 2715 359 2800 deantur,
380 2717 499 2803 quibus
523 2714 691 2780 efficaciori
713 2715 886 2780 eorundem
911 2713 1090 2780 executioni
1116 2713 1232 2779 melius
1255 2715 1449 2780 consulatur.

258 2819 381 2885 Datum
392 2842 432 2884 ex
442 2819 574 2885 aedibus
584 2820 711 2901 nostris,
723 2818 929 2902 Baltimorae,
940 2818 974 2882 in
989 2819 1071 2884 festo
1086 2817 1289 2905 Epiphaniae
1303 2817 1450 2902 Domini,

214 2923 314 2989 Auno
328 2923 449 2989 Salutis
463 2940 737 2989 uomcrmxxvr.
1118 2912 1121 2917 ’

752 3076 961 3143 JACOBUS
983 3076 1197 3159 GIBBONS,

846 3181 1104 3266 Arcln'eptsoopua
1118 3181 1352 3244 Baltimorensia

403 3358 407 3365 ,
1021 3283 1187 3367 Deleyatua
1201 3285 1404 3370 Apostolicus.

259 3391 442 3456 Gronarns
464 3390 506 3456 G.
528 3390 686 3472 Davara,
707 3390 926 3454 Cancellorim.
