3142 5242
222 457 290 522 lxvl
365 475 600 522 coxcmun
629 473 890 520 PLEXARIUM
920 469 1262 518 BALTIMOREXSE
1290 469 1362 515 111.

220 630 325 697 fructu
339 631 526 697 sacerdotale
541 630 751 696 ministerium
765 622 1018 716 exciperentur?
1035 629 1077 694 ab
1091 626 1243 693 omnibus
1257 624 1452 690 Nostramm

220 735 462 801 Provinciarum
484 735 651 822 Episoopis
666 734 819 799 tuendam
841 733 1078 820 fovendamque
1094 754 1161 797 esse
1172 756 1183 815 3
1211 731 1248 795 in
1269 751 1343 795 eam
1364 729 1452 793 mitti

218 839 324 904 deberi
344 840 500 921 alumnos,
522 839 580 926 qui
601 862 666 903 non
686 847 814 904 tantum
836 837 922 903 bona
949 837 1092 923 corporis
1119 835 1224 900 salute
1251 832 1452 918 sanitateque

219 943 375 1026 fruantur,
390 942 444 1008 sed
459 943 577 1030 quibus
590 952 751 1029 praeterea
764 942 807 1007 sit
820 950 853 1007 et
865 942 967 1007 animi
981 942 1082 1006 robur
1094 949 1128 1006 et
1141 938 1264 1026 ingenii
1279 936 1451 1023 praeclari-

217 1056 274 1129 tas,
288 1047 334 1113 ita
354 1058 392 1113 ut
412 1057 539 1134 peracto
559 1046 740 1112 studiorum
760 1069 857 1111 cursu
878 1046 958 1133 ipsis
971 1045 1006 1109 in
1021 1045 1160 1131 patriam
1173 1043 1310 1109 reversis
1326 1045 1448 1129 majora

217 1174 347 1217 munera
368 1162 439 1218 tuto
460 1151 618 1216 committi
639 1151 772 1237 possint,
794 1174 860 1236 quo
881 1150 1011 1215 demum
1033 1149 1069 1214 in
1091 1149 1223 1214 scientia
1243 1150 1453 1216 ecclesiastica

218 1256 334 1341 optime
347 1256 464 1321 versati
481 1255 648 1341 Episcopis
664 1255 778 1340 majori
798 1253 923 1320 auxilio
943 1254 1049 1319 futuri
1069 1263 1183 1320 essent
1228 1254 1299 1320 Nec
1313 1266 1453 1342 praeter-

217 1360 415 1444 mittendum,
437 1359 524 1447 quod
545 1359 640 1447 plane
660 1359 796 1446 dignum
817 1359 972 1424 memoria
992 1357 1134 1443 videtur,
1149 1358 1272 1425 scilicet
1292 1371 1454 1448 quotquot

217 1486 256 1528 ex
270 1464 354 1529 almo
369 1465 427 1529 illo
442 1464 543 1531 Urbis
557 1464 692 1550 collegio
701 1462 876 1528 sacerdotes
886 1462 1010 1527 alumni
1022 1463 1058 1528 in
1067 1462 1258 1529 dioecesium
1269 1476 1454 1532 nostrarum

216 1570 370 1653 gremium
386 1569 588 1651 reducantur,
602 1577 652 1633 tot
665 1567 779 1631 anulos
793 1567 862 1631 fore
876 1568 1029 1650 firmatos,
1044 1566 1164 1655 quibus
1179 1576 1269 1633 totus
1283 1570 1456 1637 Amerioee
1471 1606 1487 1640 ο

217 1671 351 1738 Nostrae
372 1673 474 1738 clerus
495 1671 624 1736 arctiori
646 1671 763 1736 amoris
784 1680 817 1736 et
837 1670 1036 1736 obedientiae
1053 1694 1140 1736 nexu
1155 1671 1271 1738 Petrae
1285 1673 1457 1740 Romanae

217 1786 442 1843 concatenatur.

260 1879 356 1946 Lecta
377 1881 440 1946 fuit
461 1882 496 1946 in
518 1881 626 1947 eadem
640 1879 884 1968 congregatione
898 1879 1001 1946 Illmi.
1016 1903 1054 1946 ao
1068 1880 1180 1949 Rdmi.
1195 1880 1275 1948 Dni.
1292 1882 1346 1948 De
1361 1883 1458 1951 Neve

216 1984 327 2050 relatio
348 1986 388 2051 de
409 1985 555 2072 Collegio
577 1986 768 2051 Americano
798 1984 1003 2050 Lovaniensi.
1049 1984 1294 2071 Proposuerunt
1318 1987 1456 2074 quidam

217 2096 255 2153 ut
274 2089 455 2176 designetur
477 2089 669 2155 Commissio
690 2087 882 2153 Praesulum
903 2085 1075 2175 (aldaiaory
1100 2088 1282 2178 mamam)
1295 2091 1356 2178 qui
1377 2113 1457 2156 oon-

217 2192 296 2256 siliis
305 2195 370 2258 suis
378 2192 766 2280 milogiimoderatoribus
776 2202 902 2279 praesto
911 2191 988 2275 sint,
996 2191 1097 2258 donec
1106 2214 1277 2281 progressu
1287 2195 1456 2282 temporis,

217 2295 309 2361 rebus
329 2297 457 2383 collegii
477 2297 588 2380 auctis,
605 2296 815 2382 amplificatis,
833 2297 1021 2383 firmiusque
1040 2295 1197 2381 solidatis,
1215 2307 1338 2364 crescat
1357 2299 1456 2365 etiam

218 2399 457 2466 Commissionis
478 2400 657 2482 auotoritas,
672 2408 705 2464 et
718 2400 835 2465 evadat
855 2399 1048 2467 Commissio
1062 2399 1209 2486 regendis
1222 2401 1457 2468 administran-

217 2503 327 2591 disque
340 2505 467 2591 oollegii
480 2505 616 2591 negotiis
630 2502 805 2590 (Idmoniae
818 2502 954 2592 Boord).
999 2503 1169 2591 Designati
1189 2515 1298 2570 autem
1320 2506 1458 2573 fuerunt

217 2607 437 2692 DetroitensiS,
467 2607 698 2690 Natchetensis,
729 2606 917 2674 Peoriensis.
962 2606 1276 2694 Orcgonopolitanus
1307 2612 1456 2676 excusari

218 2711 330 2778 voluit.

243 2865 311 2933 VI.
340 2867 399 2933 Da
422 2869 646 2932 Anamcana
668 2868 879 2933 Sannroamr
901 2867 1179 2933 Umvnasrrsra
1201 2867 1430 2936 Carnouca,

261 3002 303 3068 In
317 3006 560 3092 congregatione
573 3005 736 3091 trigesima
749 3004 876 3091 privata
890 3004 988 3069 lectae
998 3014 1074 3071 sunt
1087 3005 1197 3070 literae
1207 3005 1457 3091 spectatissimae

219 3107 353 3173 feminae
377 3108 536 3174 Dominae
561 3108 685 3173 Mariae
708 3108 930 3175 Guendalinae
954 3108 1122 3192 Caldwell,
1143 3131 1226 3195 quae
1249 3117 1300 3174 ter
1325 3122 1456 3174 centurn

219 3211 321 3277 millia
341 3223 537 3277 scutatorum
563 3235 622 3299 pro
644 3211 810 3277 fundanda
838 3211 1005 3277 Catholica
1033 3211 1215 3278 studiorum
1243 3213 1456 3279 universitate

220 3314 369 3381 Patribus
383 3316 521 3382 Concilii
540 3315 770 3403 disponendam
789 3324 966 3404 paraverat.
1011 3315 1117 3381 Dictis
1131 3339 1211 3383 vero
1224 3315 1330 3383 literis
1343 3328 1455 3404 postu-

219 3418 310 3503 lavit,
324 3420 499 3484 dummodo
521 3420 673 3486 Patribus
693 3421 840 3507 placeret,
860 3429 899 3486 ut
919 3421 1003 3485 inter
1023 3444 1086 3504 eos,
1101 3420 1159 3508 qui
1179 3421 1261 3487 novi
1281 3420 1455 3487 Seminarii

219 3522 420 3610 Principalis,
436 3524 653 3589 universitatis
672 3525 934 3611 primordiorum,
951 3526 1090 3612 nogotiis
1107 3526 1257 3612 gerendis
1276 3537 1456 3612 praeessent

219 3627 392 3713 (Enecalive
406 3628 542 3714 Boord),
554 3629 803 3693 adnumerentur
814 3629 942 3694 Revmi.
954 3628 1208 3711 Baltimoronsis,
1223 3628 1455 3714 Bostouiensis,

221 3730 517 3818 Philadelphiensis,
541 3732 806 3816 Milwaukiensis,
830 3732 1001 3817 Patrensis,
1023 3732 1057 3798 S.
1080 3731 1187 3817 Pauli,
1210 3732 1405 3822 PeorieusiS,
1425 3747 1457 3803 et

219 3836 317 3902 Adm.
343 3837 427 3902 Rev.
453 3837 593 3902 Joannes
623 3837 672 3904 M.
704 3837 832 3923 Farley,
854 3837 945 3904 Cam.
975 3836 1061 3903 seer.
1091 3836 1125 3903 S.
1155 3836 1209 3920 S.;
1238 3848 1273 3904 et
1301 3862 1344 3904 ex
1365 3840 1457 3908 laicis

219 3939 351 4004 Domini
381 3940 498 4005 Ruben
528 3941 691 4028 Springer,
722 3941 888 4028 Eugenius
917 3940 1020 4028 Kelly
1045 3950 1078 4007 et
1106 3941 1291 4008 Gulielmus
1321 3942 1456 4030 Drexel,

220 4044 428 4109 nummularii
454 4045 612 4109 Catholici
635 4045 720 4111 fama
740 4046 918 4131 opibusque
939 4045 1089 4131 insignes.
1135 4044 1322 4112 Probarunt
1344 4047 1458 4115 Patres

220 4169 256 4210 ea
269 4147 457 4230 conditione,
471 4158 507 4212 ut
522 4149 711 4214 Commissio
725 4149 921 4236 designanda
934 4149 1034 4235 possit
1047 4148 1127 4213 alios
1141 4149 1237 4214 etiam
1253 4151 1458 4238 presbyteras

220 4260 252 4312 et
267 4249 361 4314 laicos
375 4252 449 4333 sibi,
464 4253 491 4315 si
507 4252 596 4334 velit,
611 4253 792 4339 adjungere.

333 4444 421 4507 VII.
457 4444 513 4507 Du
536 4447 701 4509 Axcmca
725 4446 953 4511 Sonrmunnn
974 4446 1120 4512 Sacnan
1142 4446 1344 4514 Vnnsmxn.

266 4577 308 4641 ln
319 4580 425 4643 ‹adcm
435 4585 676 4669 congregatione
687 4585 823 4670 privata,
833 4583 964 4671 quidam
975 4606 992 4649 e
1003 4582 1154 4648 Patribus
1164 4584 1302 4649 Consilii
1312 4609 1460 4655 summo-

224 4702 296 4764 pcrc
309 4685 481 4767 exoptavit,
494 4695 530 4750 ut
543 4686 696 4751 habeatur
710 4689 901 4771 authentica,
912 4710 1056 4774 quaeque
1067 4688 1212 4752 omnium
1224 4690 1311 4754 votis
1325 4713 1459 4778 respon-
