3142 5242
551 456 606 501 nn
634 456 766 504 sacra
796 457 1039 505 nassoxuu.
1348 442 1412 507 283

175 611 363 697 prospicere,
378 613 514 700 vestigia
534 622 687 701 sequutus
708 613 885 680 Salvatoris
906 615 1009 680 nostri
1029 615 1106 680 Iesu
1126 614 1258 699 Christi,
1273 616 1331 703 qui
1347 638 1411 681 non

175 714 266 780 venit
278 738 393 782 vocare
412 716 512 782 iustos
530 716 586 782 sed
605 727 782 805 peccatores
799 717 842 784 ad
860 719 1099 806 poenitentiam,
1113 727 1247 806 paterna
1260 741 1339 786 voce
1358 742 1411 785 eos
1532 797 1535 802 ,

174 840 294 902 omnes,
316 818 374 907 qui
403 819 602 886 Massonieae
623 820 759 909 aliisque
783 822 942 888 damnatis
966 823 1059 888 sectis
1084 845 1201 889 nomen
1224 822 1348 906 dedere,
1369 823 1410 889 ad

172 920 381 1009 detergendas
401 924 527 990 animae
547 925 655 991 sordes
678 935 711 991 et
733 926 776 991 ad
798 925 929 992 divinae
954 927 1187 993 misericordiae
1207 928 1316 992 sinum
1338 950 1410 1015 per·

172 1037 317 1091 amanter
336 1028 464 1094 invitat.
510 1028 554 1093 In
573 1029 661 1094 hunc
682 1031 778 1095 linem
799 1029 909 1096 eadem
930 1052 1007 1095 usus
1026 1030 1234 1117 benignitate,
1255 1053 1321 1118 qua
1342 1031 1410 1096 eius

173 1127 328 1196 Decaasor
353 1131 421 1198 Leo
443 1131 545 1216 ΧΙΙ.,
566 1133 610 1200 ad
633 1133 795 1221 integmm
817 1134 896 1200 anni
918 1135 1058 1222 spatium
1084 1142 1158 1222 post
1179 1135 1241 1200 rite
1261 1133 1409 1222 vulgatas

172 1255 270 1320 supra
282 1245 472 1302 memoratas
485 1236 688 1323 Apostolicas
702 1237 842 1303 Litteras
860 1239 897 1303 in
914 1261 1106 1326 unaquaque
1119 1238 1263 1322 dioecesi,
1277 1260 1409 1325 suspen·

171 1336 221 1404 dit
239 1346 312 1403 tum
331 1339 559 1427 obligationem
572 1339 786 1407 denunciandi
805 1342 978 1408 earundem
991 1351 1149 1408 sectarum
1163 1341 1304 1408 occultos
1318 1365 1409 1429 cory-

170 1441 289 1529 phaeos
312 1452 346 1509 et
366 1444 471 1528 ducar,
493 1446 686 1510 tumetiam
710 1446 955 1512 reservationem
979 1469 1194 1529 censurarum,
1216 1446 1408 1532 peculiarem

170 1546 353 1612 facultatem
376 1547 575 1615 concedendo
597 1549 748 1615 omuibus
772 1549 972 1616 confessariis
995 1550 1038 1615 ab
1059 1549 1242 1615 Ordinariis
1266 1549 1409 1615 locorum

170 1649 365 1737 adprobatis,
377 1661 414 1717 ut
428 1675 480 1718 ecs
493 1652 551 1741 qui
566 1676 641 1720 vere
654 1653 846 1739 resipuerint
858 1663 893 1719 et
906 1664 1005 1719 sectas
1018 1653 1223 1737 deseruerint,
1238 1653 1281 1718 ab
1295 1652 1409 1719 iisdem

170 1757 311 1820 censuris
339 1756 513 1840 absolvere,
540 1766 572 1823 et
601 1757 761 1822 Ecclesiae
788 1757 991 1823 reconciliare
1018 1757 1280 1825 valeant-Erit
1308 1758 1409 1845 igitur

169 1881 331 1925 sacrorum
352 1860 542 1926 Praesulum
564 1861 646 1927 hanc
664 1861 832 1927 Pontificis
852 1861 992 1927 Maximi
1011 1861 1241 1949 benignitatem
1261 1860 1408 1927 fidelibus

169 1985 246 2028 suae
265 1964 341 2029 fidei
362 1965 550 2030 concreditis
572 1966 728 2032 nuntiare.
785 1965 940 2031 Facerent
960 1976 1067 2030 autem
1087 1987 1157 2030 rem
1178 1965 1330 2052 pastorali
1350 1987 1408 2030 sua

168 2067 338 2133 sedulitate
358 2068 501 2155 dignam,
521 2069 549 2133 si
571 2069 633 2134 boc
653 2077 796 2135 vertente
816 2091 911 2152 anno,
931 2092 1028 2156 quem
1049 2068 1234 2134 clementiae
1254 2067 1407 2154 peculiari

170 2170 266 2237 modo
284 2170 449 2238 addictum
468 2172 543 2240 vult
562 2172 726 2256 Pontifex,
741 2173 838 2237 sacris
858 2172 1147 2253 exercitationibus,
1162 2170 1352 2236 missionum
1372 2172 1406 2235 in

168 2297 301 2358 morem,
312 2299 389 2343 oves
402 2299 475 2342 suas
488 2275 529 2342 ad
544 2285 686 2342 aeternas
696 2277 844 2341 veritates
859 2273 1067 2358 meditandas,
1078 2283 1110 2340 et
1123 2274 1274 2361 spiritum
1285 2285 1407 2340 rectum

168 2378 389 2445 innovandum
403 2381 587 2446 excitarent.

212 2485 265 2550 20.
314 2483 409 2549 Mens
442 2508 538 2572 porro
566 2493 614 2550 est
641 2483 784 2549 eiusdem
815 2483 999 2550 sanctitatis
1028 2483 1120 2568 Suae,
1150 2492 1188 2549 ut
1217 2483 1406 2570 Encyclicae

167 2586 310 2653 Litterae
328 2611 426 2676 quam
443 2587 688 2675 diligentissime
709 2588 911 2675 evulgentur,
925 2610 991 2674 quo
1005 2585 1132 2652 facilius
1151 2610 1261 2652 omnes
1280 2587 1405 2652 christi-

166 2691 276 2756 fideles
293 2691 488 2779 intelligant,
502 2714 600 2779 quam
613 2691 723 2757 dirum
742 2691 826 2756 inter
844 2713 898 2756 eos
912 2713 1074 2757 venenum
1091 2701 1209 2776 serpat,
1225 2700 1405 2778 quantaque

166 2817 220 2860 eos
238 2818 412 2883 eorumque
429 2795 554 2882 prolem
573 2796 728 2882 pernicies
747 2803 882 2878 maneat,
898 2794 961 2859 nisi
979 2795 1167 2880 tempestive
1180 2793 1243 2859 sibi
1262 2805 1403 2860 caveant.

166 2898 252 2963 Tum
266 2899 487 2965 sollertissima
505 2909 538 2965 et
556 2899 791 2986 impensissima
809 2921 906 2985 opera
920 2897 1027 2964 danda
1040 2898 1110 2982 erit,
1125 2906 1163 2962 ut
1181 2897 1320 2963 remedia
1338 2906 1404 2964 tam

166 3026 248 3090 quae
261 3027 282 3069 a
296 3004 452 3069 Pontifioe
465 3013 700 3092 proponuntur,
715 3026 813 3090 quam
827 3025 910 3091 quae
923 3003 1054 3090 propria
1067 3002 1221 3089 cuiusque
1234 3002 1403 3089 prudentia

165 3109 309 3192 suaserit,
320 3107 737 3174 adhibeantur—Primum
751 3108 897 3173 omnium
908 3108 1045 3172 excitare
1056 3107 1090 3171 in
1102 3107 1186 3171 hanc
1199 3129 1268 3170 rem
1282 3115 1405 3192 oportet

165 3211 358 3277 industriam
372 3212 636 3298 sedulitatemque
646 3212 860 3298 parochorum
867 3237 877 3293 ;
890 3209 1006 3276 deinde
1015 3209 1217 3276 adsciscenda
1230 3210 1404 3297 generatim

165 3338 277 3381 eorum
295 3339 392 3402 opera
410 3327 467 3399 est,
482 3317 600 3404 quibus
621 3339 641 3381 a
663 3315 820 3382 bonorum
839 3315 986 3381 omnium
1008 3312 1160 3400 largitore
1179 3313 1251 3380 Deo
1271 3312 1404 3379 facultas

165 3419 292 3485 dicendi
306 3430 363 3485 aut
375 3421 534 3486 scribendi
553 3420 676 3485 tributa
690 3428 747 3502 est,
762 3419 816 3487 vel
830 3419 949 3506 quibus
962 3417 1071 3485 divini
1084 3417 1177 3484 verbi
1190 3417 1403 3484 annuntiandi

164 3523 218 3590 vel
232 3524 423 3590 christianae
437 3524 541 3612 plebis
554 3547 574 3589 a
588 3522 691 3610 culpis
705 3523 890 3610 expiandae,
905 3521 960 3589 vel
974 3523 1070 3587 etiam
1086 3522 1263 3586 iuvcntutis
1276 3521 1404 3586 institu-

164 3628 264 3694 endae
276 3651 354 3693 cura
366 3627 557 3693 demandata
572 3627 677 3711 fuerit,
693 3636 729 3692 ut
745 3639 777 3692 et
792 3627 853 3713 ipsi
876 3626 1000 3692 labores
1013 3648 1089 3691 suos
1108 3625 1277 3690 conferant
1292 3625 1335 3690 ad
1349 3625 1403 3690 dc-

164 3732 299 3821 tegenda
314 3732 513 3814 Massonum,
524 3730 724 3818 aliarumque
734 3731 958 3796 damnatarum
973 3729 1158 3795 societatum
1170 3729 1272 3816 impia
1285 3728 1400 3815 placita

164 3845 197 3903 et
216 3836 352 3902 infanda
371 3836 547 3919 molimina,
566 3844 598 3901 et
618 3836 660 3901 ad
678 3835 872 3900 reducendos
891 3836 927 3899 in
941 3835 1031 3901 viam
1050 3833 1164 3899 salutis
1184 3856 1247 3916 ecs,
1262 3833 1320 3920 qui
1333 3834 1402 3899 sive

164 3949 282 4007 temere
302 3951 335 4007 et
351 3941 486 4025 incaute,
501 3941 570 4006 sive
591 3939 735 4005 consulto
752 3948 785 4004 et
800 3938 940 4025 cogitato
960 3937 1002 4003 ad
1024 3960 1076 4002 eas
1096 3938 1292 4020 accesserint,
1307 3947 1402 4024 atquc

164 4043 204 4110 ad
225 4045 299 4110 illos
319 4044 578 4132 praemonendoS,
594 4044 651 4130 qui
670 4042 815 4108 nondum
834 4043 870 4107 in
888 4064 998 4107 earum
1018 4041 1148 4129 laqueos
1167 4040 1357 4107 inciderunt.

208 4151 261 4215 30.
292 4149 344 4214 Ne
354 4135 427 4237 quis
437 4172 515 4216 vero
525 4147 624 4213 errori
636 4147 724 4213 loeus
734 4148 800 4230 fiat,
812 4169 885 4211 cum
899 4145 1144 4212 diiudicandum
1158 4146 1229 4229 erit,
1245 4168 1401 4233 quaenam

164 4276 204 4319 ex
234 4253 286 4319 his
313 4253 498 4341 perniciosis
526 4253 617 4318 sectis
644 4273 802 4334 censurae,
824 4272 907 4338 quae
930 4272 1009 4316 vero
1036 4249 1247 4336 prohibitioni
1276 4257 1401 4314 tantum

164 4357 322 4423 obnoxiae
331 4358 407 4440 sint,
418 4365 539 4422 certum
554 4355 715 4442 imprimis
724 4362 781 4438 est,
792 4353 1120 4419 excommunicatione
1133 4351 1216 4417 latae
1230 4352 1402 4419 sentcntiae

164 4460 295 4526 multari
325 4460 540 4526 Massonicam
567 4459 710 4547 aliasque
729 4458 799 4524 eius
819 4457 945 4544 generis
965 4467 1065 4522 sectas
1085 4478 1168 4542 quae
1188 4478 1216 4522 c.
1240 4458 1271 4522 2.
1294 4478 1326 4522 n.
1350 4475 1400 4522 rv.

166 4563 352 4630 Pontificiae
388 4563 635 4631 Constitutionis
671 4561 866 4648 Apostolieae
894 4561 983 4626 Sedis
1011 4558 1230 4646 designantur,
1260 4583 1403 4648 quaeque
