<?xml version="1.0" encoding="UTF-8"?>
<!DOCTYPE html PUBLIC "-//W3C//DTD XHTML 1.0 Transitional//EN"
    "http://www.w3.org/TR/xhtml1/DTD/xhtml1-transitional.dtd">
<html xmlns="http://www.w3.org/1999/xhtml" xml:lang="en" lang="en">
 <head>
  <title>
</title>
<meta http-equiv="Content-Type" content="text/html;charset=utf-8" />
  <meta name='ocr-system' content='tesseract 3.04.00' />
  <meta name='ocr-capabilities' content='ocr_page ocr_carea ocr_par ocr_line ocrx_word'/>
</head>
<body>
  <div class='ocr_page' id='page_1' title='image "./actaetdecretaco00gibbgoog_0227.png"; bbox 0 0 3142 5242; ppageno 0'>
   <div class='ocr_carea' id='block_1_1' title="bbox 163 440 1337 503">
    <p class='ocr_par' dir='ltr' id='par_1_1' title="bbox 163 440 1337 503">
     <span class='ocr_line' id='line_1_1' title="bbox 163 440 1337 503; baseline -0.002 0"><span class='ocrx_word' id='word_1_1' title='bbox 163 440 229 503; x_wconf 85' lang='lat' dir='ltr'>no</span> <span class='ocrx_word' id='word_1_2' title='bbox 285 454 975 503; x_wconf 67' lang='grc'><strong>111111511-0111111111111</strong></span> <span class='ocrx_word' id='word_1_3' title='bbox 1003 453 1337 501; x_wconf 76' lang='lat' dir='ltr'>rxsrrrtrrosrt.</span> 
     </span>
    </p>
   </div>
   <div class='ocr_carea' id='block_1_2' title="bbox 160 609 1403 4547">
    <p class='ocr_par' dir='ltr' id='par_1_2' title="bbox 161 609 1402 1523">
     <span class='ocr_line' id='line_1_2' title="bbox 161 609 1398 708; baseline 0 -23"><span class='ocrx_word' id='word_1_4' title='bbox 161 622 202 686; x_wconf 89' lang='lat' dir='ltr'>et</span> <span class='ocrx_word' id='word_1_5' title='bbox 235 610 459 707; x_wconf 80' lang='lat' dir='ltr'>linguarum</span> <span class='ocrx_word' id='word_1_6' title='bbox 493 610 720 685; x_wconf 82' lang='lat' dir='ltr'>diversitate</span> <span class='ocrx_word' id='word_1_7' title='bbox 753 610 886 708; x_wconf 83' lang='lat' dir='ltr'>plures</span> <span class='ocrx_word' id='word_1_8' title='bbox 920 610 1261 685; x_wconf 72' lang='lat' dir='ltr'>“Commissioucs</span> <span class='ocrx_word' id='word_1_9' title='bbox 1287 609 1398 685; x_wconf 85' lang='lat' dir='ltr'>Scho-</span> 
     </span>
     <span class='ocr_line' id='line_1_3' title="bbox 162 726 1400 825; baseline 0.001 -24"><span class='ocrx_word' id='word_1_10' title='bbox 162 726 327 803; x_wconf 82' lang='lat' dir='ltr'>larum.‘&#39;</span> <span class='ocrx_word' id='word_1_11' title='bbox 345 753 392 801; x_wconf 81' lang='lat' dir='ltr'>er</span> <span class='ocrx_word' id='word_1_12' title='bbox 418 752 496 801; x_wconf 91' lang='lat' dir='ltr'>uuo</span> <span class='ocrx_word' id='word_1_13' title='bbox 513 726 576 801; x_wconf 79' lang='lat' dir='ltr'>rel</span> <span class='ocrx_word' id='word_1_14' title='bbox 603 726 783 824; x_wconf 88' lang='lat' dir='ltr'>pluribus</span> <span class='ocrx_word' id='word_1_15' title='bbox 804 726 1071 801; x_wconf 87' lang='lat' dir='ltr'>sacerdotibus</span> <span class='ocrx_word' id='word_1_16' title='bbox 1091 726 1332 825; x_wconf 82' lang='lat' dir='ltr'>compositas</span> <span class='ocrx_word' id='word_1_17' title='bbox 1351 726 1400 803; x_wconf 84' lang='lat' dir='ltr'>ad</span> 
     </span>
     <span class='ocr_line' id='line_1_4' title="bbox 162 842 1400 917; baseline 0 -1"><span class='ocrx_word' id='word_1_18' title='bbox 162 843 313 917; x_wconf 83' lang='lat' dir='ltr'>scholas</span> <span class='ocrx_word' id='word_1_19' title='bbox 336 844 376 917; x_wconf 92' lang='lat' dir='ltr'>in</span> <span class='ocrx_word' id='word_1_20' title='bbox 399 842 625 917; x_wconf 77' lang='lat' dir='ltr'>civitatibus</span> <span class='ocrx_word' id='word_1_21' title='bbox 644 860 684 916; x_wconf 87' lang='lat' dir='ltr'>et</span> <span class='ocrx_word' id='word_1_22' title='bbox 706 842 948 917; x_wconf 81' lang='lat' dir='ltr'>districtibus</span> <span class='ocrx_word' id='word_1_23' title='bbox 963 842 1163 917; x_wconf 89' lang='lat' dir='ltr'>ruralibus</span> <span class='ocrx_word' id='word_1_24' title='bbox 1178 842 1400 917; x_wconf 84' lang='lat' dir='ltr'>examinan-</span> 
     </span>
     <span class='ocr_line' id='line_1_5' title="bbox 162 958 1400 1034; baseline -0.001 0"><span class='ocrx_word' id='word_1_25' title='bbox 162 960 232 1034; x_wconf 84' lang='lat' dir='ltr'>das</span> <span class='ocrx_word' id='word_1_26' title='bbox 262 959 510 1033; x_wconf 75' lang='lat' dir='ltr'>mustituent.</span> <span class='ocrx_word' id='word_1_27' title='bbox 573 959 722 1033; x_wconf 80' lang='lat' dir='ltr'>,liunus</span> <span class='ocrx_word' id='word_1_28' title='bbox 751 968 883 1033; x_wconf 90' lang='lat' dir='ltr'>autem</span> <span class='ocrx_word' id='word_1_29' title='bbox 912 958 1054 1032; x_wconf 88' lang='lat' dir='ltr'>barum</span> <span class='ocrx_word' id='word_1_30' title='bbox 1083 958 1400 1033; x_wconf 82' lang='lat' dir='ltr'>commissionum</span> 
     </span>
     <span class='ocr_line' id='line_1_6' title="bbox 161 1074 1401 1174; baseline 0 -24"><span class='ocrx_word' id='word_1_31' title='bbox 161 1074 248 1165; x_wconf 89' lang='lat' dir='ltr'>erit,</span> <span class='ocrx_word' id='word_1_32' title='bbox 266 1075 385 1149; x_wconf 89' lang='lat' dir='ltr'>semel</span> <span class='ocrx_word' id='word_1_33' title='bbox 405 1075 467 1149; x_wconf 79' lang='lat' dir='ltr'>rel</span> <span class='ocrx_word' id='word_1_34' title='bbox 485 1076 605 1150; x_wconf 90' lang='lat' dir='ltr'>etiam</span> <span class='ocrx_word' id='word_1_35' title='bbox 622 1075 683 1148; x_wconf 88' lang='lat' dir='ltr'>bis</span> <span class='ocrx_word' id='word_1_36' title='bbox 707 1075 747 1148; x_wconf 93' lang='lat' dir='ltr'>in</span> <span class='ocrx_word' id='word_1_37' title='bbox 772 1100 875 1149; x_wconf 90' lang='lat' dir='ltr'>anuo</span> <span class='ocrx_word' id='word_1_38' title='bbox 893 1099 1212 1174; x_wconf 78' lang='lat' dir='ltr'><strong>unamquamque</strong></span> <span class='ocrx_word' id='word_1_39' title='bbox 1230 1074 1401 1150; x_wconf 83' lang='lat' dir='ltr'>scholam</span> 
     </span>
     <span class='ocr_line' id='line_1_7' title="bbox 162 1190 1402 1267; baseline 0.001 -2"><span class='ocrx_word' id='word_1_40' title='bbox 162 1190 361 1266; x_wconf 84' lang='lat' dir='ltr'>districtus</span> <span class='ocrx_word' id='word_1_41' title='bbox 378 1191 439 1265; x_wconf 87' lang='lat' dir='ltr'>sui</span> <span class='ocrx_word' id='word_1_42' title='bbox 458 1191 618 1265; x_wconf 65' lang='lat' dir='ltr'>uisitare</span> <span class='ocrx_word' id='word_1_43' title='bbox 635 1202 674 1265; x_wconf 89' lang='lat' dir='ltr'>et</span> <span class='ocrx_word' id='word_1_44' title='bbox 697 1191 921 1265; x_wconf 79' lang='lat' dir='ltr'>examinare</span> <span class='ocrx_word' id='word_1_45' title='bbox 936 1202 978 1265; x_wconf 89' lang='lat' dir='ltr'>et</span> <span class='ocrx_word' id='word_1_46' title='bbox 994 1200 1216 1265; x_wconf 88' lang='lat' dir='ltr'>accuratam</span> <span class='ocrx_word' id='word_1_47' title='bbox 1232 1192 1286 1266; x_wconf 90' lang='lat' dir='ltr'>de</span> <span class='ocrx_word' id='word_1_48' title='bbox 1301 1197 1402 1267; x_wconf 87' lang='lat' dir='ltr'>statu</span> 
     </span>
     <span class='ocr_line' id='line_1_8' title="bbox 161 1306 1400 1406; baseline 0.001 -24"><span class='ocrx_word' id='word_1_49' title='bbox 161 1307 383 1382; x_wconf 88' lang='lat' dir='ltr'>scholarum</span> <span class='ocrx_word' id='word_1_50' title='bbox 410 1307 639 1382; x_wconf 82' lang='lat' dir='ltr'>relationem</span> <span class='ocrx_word' id='word_1_51' title='bbox 665 1308 716 1381; x_wconf 90' lang='lat' dir='ltr'>ad</span> <span class='ocrx_word' id='word_1_52' title='bbox 741 1307 962 1406; x_wconf 81' lang='lat' dir='ltr'>praesidem</span> <span class='ocrx_word' id='word_1_53' title='bbox 986 1306 1277 1382; x_wconf 76' lang='lat' dir='ltr'>commissionis</span> <span class='ocrx_word' id='word_1_54' title='bbox 1302 1307 1400 1383; x_wconf 88' lang='lat' dir='ltr'>dioe-</span> 
     </span>
     <span class='ocr_line' id='line_1_9' title="bbox 161 1423 1295 1523; baseline 0.001 -24"><span class='ocrx_word' id='word_1_55' title='bbox 161 1449 323 1500; x_wconf 86' lang='lat' dir='ltr'>cesanae</span> <span class='ocrx_word' id='word_1_56' title='bbox 340 1449 412 1521; x_wconf 89' lang='lat' dir='ltr'>pro</span> <span class='ocrx_word' id='word_1_57' title='bbox 431 1424 570 1498; x_wconf 87' lang='lat' dir='ltr'>notitia</span> <span class='ocrx_word' id='word_1_58' title='bbox 586 1434 626 1498; x_wconf 89' lang='lat' dir='ltr'>et</span> <span class='ocrx_word' id='word_1_59' title='bbox 642 1424 793 1498; x_wconf 87' lang='lat' dir='ltr'>actione</span> <span class='ocrx_word' id='word_1_60' title='bbox 810 1423 996 1523; x_wconf 74' lang='lat' dir='ltr'>Episcopi</span> <span class='ocrx_word' id='word_1_61' title='bbox 1013 1423 1295 1500; x_wconf 80' lang='lat' dir='ltr'>transmittere.</span> 
     </span>
    </p>

    <p class='ocr_par' dir='ltr' id='par_1_3' title="bbox 160 1539 1403 3150">
     <span class='ocr_line' id='line_1_10' title="bbox 213 1539 1400 1638; baseline 0.002 -23"><span class='ocrx_word' id='word_1_62' title='bbox 213 1542 300 1615; x_wconf 76' lang='grc'><strong>2115.</strong></span> <span class='ocrx_word' id='word_1_63' title='bbox 328 1540 386 1615; x_wconf 81' lang='lat' dir='ltr'>Ut</span> <span class='ocrx_word' id='word_1_64' title='bbox 402 1551 533 1616; x_wconf 89' lang='lat' dir='ltr'>autem</span> <span class='ocrx_word' id='word_1_65' title='bbox 551 1540 744 1617; x_wconf 87' lang='lat' dir='ltr'>sufficiens</span> <span class='ocrx_word' id='word_1_66' title='bbox 761 1565 948 1615; x_wconf 90' lang='lat' dir='ltr'>numerus</span> <span class='ocrx_word' id='word_1_67' title='bbox 965 1539 1246 1638; x_wconf 87' lang='lat' dir='ltr'>magistrorum</span> <span class='ocrx_word' id='word_1_68' title='bbox 1263 1540 1400 1617; x_wconf 83' lang='lat' dir='ltr'>Catbo·</span> 
     </span>
     <span class='ocr_line' id='line_1_11' title="bbox 162 1656 1401 1756; baseline 0.002 -24"><span class='ocrx_word' id='word_1_69' title='bbox 162 1656 326 1733; x_wconf 86' lang='lat' dir='ltr'>licorum</span> <span class='ocrx_word' id='word_1_70' title='bbox 340 1682 496 1755; x_wconf 84' lang='lat' dir='ltr'>semper</span> <span class='ocrx_word' id='word_1_71' title='bbox 512 1666 666 1756; x_wconf 78' lang='lat' dir='ltr'>praesto</span> <span class='ocrx_word' id='word_1_72' title='bbox 683 1657 747 1749; x_wconf 82' lang='lat' dir='ltr'>sit,</span> <span class='ocrx_word' id='word_1_73' title='bbox 761 1657 908 1755; x_wconf 81' lang='lat' dir='ltr'>singuli</span> <span class='ocrx_word' id='word_1_74' title='bbox 921 1681 1015 1732; x_wconf 83' lang='grc'><strong>1910</strong></span> <span class='ocrx_word' id='word_1_75' title='bbox 1031 1681 1168 1732; x_wconf 90' lang='lat' dir='ltr'>eorum</span> <span class='ocrx_word' id='word_1_76' title='bbox 1179 1658 1233 1732; x_wconf 86' lang='lat' dir='ltr'>ad</span> <span class='ocrx_word' id='word_1_77' title='bbox 1249 1681 1401 1734; x_wconf 87' lang='lat' dir='ltr'>sacrum</span> 
     </span>
     <span class='ocr_line' id='line_1_12' title="bbox 161 1772 1401 1873; baseline 0 -24"><span class='ocrx_word' id='word_1_78' title='bbox 161 1782 202 1849; x_wconf 89' lang='lat' dir='ltr'>et</span> <span class='ocrx_word' id='word_1_79' title='bbox 217 1773 385 1848; x_wconf 88' lang='lat' dir='ltr'>sublime</span> <span class='ocrx_word' id='word_1_80' title='bbox 406 1773 626 1869; x_wconf 82' lang='lat' dir='ltr'>juventutis</span> <span class='ocrx_word' id='word_1_81' title='bbox 651 1772 914 1847; x_wconf 85' lang='lat' dir='ltr'>instituendae</span> <span class='ocrx_word' id='word_1_82' title='bbox 938 1798 1081 1848; x_wconf 88' lang='lat' dir='ltr'>munus</span> <span class='ocrx_word' id='word_1_83' title='bbox 1097 1773 1248 1872; x_wconf 88' lang='lat' dir='ltr'>optime</span> <span class='ocrx_word' id='word_1_84' title='bbox 1263 1773 1401 1873; x_wconf 81' lang='lat' dir='ltr'>parati,</span> 
     </span>
     <span class='ocr_line' id='line_1_13' title="bbox 161 1888 1400 1990; baseline 0.002 -25"><span class='ocrx_word' id='word_1_85' title='bbox 161 1914 365 1965; x_wconf 86' lang='lat' dir='ltr'>monemus</span> <span class='ocrx_word' id='word_1_86' title='bbox 392 1897 436 1965; x_wconf 91' lang='lat' dir='ltr'>ut</span> <span class='ocrx_word' id='word_1_87' title='bbox 462 1889 646 1987; x_wconf 90' lang='lat' dir='ltr'>Episcopi</span> <span class='ocrx_word' id='word_1_88' title='bbox 670 1914 837 1988; x_wconf 90' lang='lat' dir='ltr'>quorum</span> <span class='ocrx_word' id='word_1_89' title='bbox 862 1888 1036 1981; x_wconf 84' lang='lat' dir='ltr'>interest,</span> <span class='ocrx_word' id='word_1_90' title='bbox 1060 1888 1124 1965; x_wconf 88' lang='grc'>191</span> <span class='ocrx_word' id='word_1_91' title='bbox 1149 1888 1229 1988; x_wconf 88' lang='lat' dir='ltr'>ipsi</span> <span class='ocrx_word' id='word_1_92' title='bbox 1254 1914 1400 1990; x_wconf 85' lang='lat' dir='ltr'>perse,</span> 
     </span>
     <span class='ocr_line' id='line_1_14' title="bbox 161 2005 1399 2107; baseline 0.002 -28"><span class='ocrx_word' id='word_1_93' title='bbox 161 2006 237 2097; x_wconf 85' lang='lat' dir='ltr'>vol,</span> <span class='ocrx_word' id='word_1_94' title='bbox 255 2005 288 2079; x_wconf 90' lang='lat' dir='ltr'>si</span> <span class='ocrx_word' id='word_1_95' title='bbox 314 2030 413 2103; x_wconf 89' lang='lat' dir='ltr'>opus</span> <span class='ocrx_word' id='word_1_96' title='bbox 438 2005 501 2097; x_wconf 91' lang='lat' dir='ltr'>sit,</span> <span class='ocrx_word' id='word_1_97' title='bbox 519 2005 638 2079; x_wconf 89' lang='lat' dir='ltr'>etiam</span> <span class='ocrx_word' id='word_1_98' title='bbox 663 2005 844 2080; x_wconf 85' lang='lat' dir='ltr'>invocata</span> <span class='ocrx_word' id='word_1_99' title='bbox 868 2005 1096 2081; x_wconf 84' lang='lat' dir='ltr'>auctoritate</span> <span class='ocrx_word' id='word_1_100' title='bbox 1120 2006 1160 2082; x_wconf 89' lang='lat' dir='ltr'>S.</span> <span class='ocrx_word' id='word_1_101' title='bbox 1182 2006 1399 2107; x_wconf 71' lang='lat' dir='ltr'>Congrege-</span> 
     </span>
     <span class='ocr_line' id='line_1_15' title="bbox 160 2121 1400 2221; baseline 0 -23"><span class='ocrx_word' id='word_1_102' title='bbox 160 2121 291 2213; x_wconf 84' lang='lat' dir='ltr'>tionis,</span> <span class='ocrx_word' id='word_1_103' title='bbox 318 2129 437 2220; x_wconf 83' lang='lat' dir='ltr'>agant</span> <span class='ocrx_word' id='word_1_104' title='bbox 460 2145 549 2196; x_wconf 84' lang='lat' dir='ltr'>cum</span> <span class='ocrx_word' id='word_1_105' title='bbox 575 2122 842 2220; x_wconf 85' lang='lat' dir='ltr'>superioribus</span> <span class='ocrx_word' id='word_1_106' title='bbox 871 2122 1218 2221; x_wconf 80' lang='lat' dir='ltr'>congregationum</span> <span class='ocrx_word' id='word_1_107' title='bbox 1249 2121 1400 2200; x_wconf 89' lang='lat' dir='ltr'>muneri</span> 
     </span>
     <span class='ocr_line' id='line_1_16' title="bbox 161 2237 1401 2338; baseline 0.002 -24"><span class='ocrx_word' id='word_1_108' title='bbox 161 2237 203 2314; x_wconf 90' lang='lat' dir='ltr'>in</span> <span class='ocrx_word' id='word_1_109' title='bbox 233 2237 320 2312; x_wconf 90' lang='lat' dir='ltr'>istis</span> <span class='ocrx_word' id='word_1_110' title='bbox 350 2238 491 2312; x_wconf 90' lang='lat' dir='ltr'>scholis</span> <span class='ocrx_word' id='word_1_111' title='bbox 521 2238 685 2314; x_wconf 88' lang='lat' dir='ltr'>docendi</span> <span class='ocrx_word' id='word_1_112' title='bbox 719 2238 998 2331; x_wconf 86' lang='lat' dir='ltr'>dedicatarum,</span> <span class='ocrx_word' id='word_1_113' title='bbox 1023 2245 1069 2314; x_wconf 92' lang='lat' dir='ltr'>ut</span> <span class='ocrx_word' id='word_1_114' title='bbox 1097 2247 1291 2338; x_wconf 90' lang='lat' dir='ltr'>quantum</span> <span class='ocrx_word' id='word_1_115' title='bbox 1319 2237 1401 2316; x_wconf 88' lang='lat' dir='ltr'>ficri</span> 
     </span>
     <span class='ocr_line' id='line_1_17' title="bbox 161 2354 1401 2455; baseline 0.002 -25"><span class='ocrx_word' id='word_1_116' title='bbox 161 2363 291 2455; x_wconf 87' lang='lat' dir='ltr'>potest</span> <span class='ocrx_word' id='word_1_117' title='bbox 323 2354 477 2430; x_wconf 87' lang='lat' dir='ltr'>scholae</span> <span class='ocrx_word' id='word_1_118' title='bbox 511 2380 610 2453; x_wconf 86' lang='lat' dir='ltr'>quae</span> <span class='ocrx_word' id='word_1_119' title='bbox 644 2355 828 2429; x_wconf 89' lang='lat' dir='ltr'>dicuntur</span> <span class='ocrx_word' id='word_1_120' title='bbox 865 2354 1084 2447; x_wconf 82' lang='lat' dir='ltr'>Normales,</span> <span class='ocrx_word' id='word_1_121' title='bbox 1118 2354 1188 2431; x_wconf 91' lang='lat' dir='ltr'>ubi</span> <span class='ocrx_word' id='word_1_122' title='bbox 1226 2359 1401 2432; x_wconf 89' lang='lat' dir='ltr'>noudum</span> 
     </span>
     <span class='ocr_line' id='line_1_18' title="bbox 160 2470 1401 2570; baseline 0.002 -24"><span class='ocrx_word' id='word_1_123' title='bbox 160 2471 334 2546; x_wconf 81' lang='lat' dir='ltr'>existunt</span> <span class='ocrx_word' id='word_1_124' title='bbox 371 2479 411 2545; x_wconf 89' lang='lat' dir='ltr'>et</span> <span class='ocrx_word' id='word_1_125' title='bbox 447 2496 583 2546; x_wconf 81' lang='lat' dir='ltr'>aarum</span> <span class='ocrx_word' id='word_1_126' title='bbox 622 2471 829 2546; x_wconf 87' lang='lat' dir='ltr'>necessitas</span> <span class='ocrx_word' id='word_1_127' title='bbox 863 2480 1038 2570; x_wconf 82' lang='lat' dir='ltr'>apparet,</span> <span class='ocrx_word' id='word_1_128' title='bbox 1068 2470 1331 2549; x_wconf 85' lang='lat' dir='ltr'>instituantur</span> <span class='ocrx_word' id='word_1_129' title='bbox 1360 2471 1401 2548; x_wconf 90' lang='lat' dir='ltr'>iu</span> 
     </span>
     <span class='ocr_line' id='line_1_19' title="bbox 162 2586 1403 2687; baseline 0.004 -26"><span class='ocrx_word' id='word_1_130' title='bbox 162 2587 341 2662; x_wconf 85' lang='lat' dir='ltr'>domibus</span> <span class='ocrx_word' id='word_1_131' title='bbox 368 2586 610 2685; x_wconf 86' lang='lat' dir='ltr'>opportunis,</span> <span class='ocrx_word' id='word_1_132' title='bbox 636 2587 846 2686; x_wconf 89' lang='lat' dir='ltr'>inquibus</span> <span class='ocrx_word' id='word_1_133' title='bbox 876 2587 1055 2686; x_wconf 88' lang='lat' dir='ltr'>juniores</span> <span class='ocrx_word' id='word_1_134' title='bbox 1085 2587 1136 2662; x_wconf 89' lang='lat' dir='ltr'>ab</span> <span class='ocrx_word' id='word_1_135' title='bbox 1164 2589 1339 2687; x_wconf 80' lang='lat' dir='ltr'>expertis</span> <span class='ocrx_word' id='word_1_136' title='bbox 1363 2595 1403 2666; x_wconf 85' lang='lat' dir='ltr'>ct</span> 
     </span>
     <span class='ocr_line' id='line_1_20' title="bbox 162 2702 1402 2802; baseline 0.004 -25"><span class='ocrx_word' id='word_1_137' title='bbox 162 2702 330 2778; x_wconf 85' lang='lat' dir='ltr'>maxime</span> <span class='ocrx_word' id='word_1_138' title='bbox 372 2702 522 2777; x_wconf 87' lang='lat' dir='ltr'>idoneis</span> <span class='ocrx_word' id='word_1_139' title='bbox 567 2702 764 2801; x_wconf 86' lang='lat' dir='ltr'>magistris</span> <span class='ocrx_word' id='word_1_140' title='bbox 807 2703 848 2778; x_wconf 92' lang='lat' dir='ltr'>in</span> <span class='ocrx_word' id='word_1_141' title='bbox 891 2703 1057 2778; x_wconf 89' lang='lat' dir='ltr'>diversis</span> <span class='ocrx_word' id='word_1_142' title='bbox 1100 2703 1322 2802; x_wconf 87' lang='lat' dir='ltr'>disciplinis</span> <span class='ocrx_word' id='word_1_143' title='bbox 1363 2712 1402 2782; x_wconf 88' lang='lat' dir='ltr'>et</span> 
     </span>
     <span class='ocr_line' id='line_1_21' title="bbox 161 2818 1402 2919; baseline 0.004 -26"><span class='ocrx_word' id='word_1_144' title='bbox 161 2819 343 2911; x_wconf 81' lang='lat' dir='ltr'>scientiis,</span> <span class='ocrx_word' id='word_1_145' title='bbox 370 2818 410 2893; x_wconf 92' lang='lat' dir='ltr'>in</span> <span class='ocrx_word' id='word_1_146' title='bbox 439 2820 621 2893; x_wconf 91' lang='lat' dir='ltr'>methodo</span> <span class='ocrx_word' id='word_1_147' title='bbox 647 2828 687 2894; x_wconf 90' lang='lat' dir='ltr'>et</span> <span class='ocrx_word' id='word_1_148' title='bbox 716 2820 957 2919; x_wconf 87' lang='lat' dir='ltr'>paedagogia</span> <span class='ocrx_word' id='word_1_149' title='bbox 981 2819 1195 2918; x_wconf 88' lang='lat' dir='ltr'>ceterisque</span> <span class='ocrx_word' id='word_1_150' title='bbox 1224 2823 1279 2897; x_wconf 89' lang='lat' dir='ltr'>ad</span> <span class='ocrx_word' id='word_1_151' title='bbox 1307 2822 1402 2898; x_wconf 88' lang='lat' dir='ltr'>utile</span> 
     </span>
     <span class='ocr_line' id='line_1_22' title="bbox 161 2935 1401 3037; baseline 0.004 -28"><span class='ocrx_word' id='word_1_152' title='bbox 161 2935 315 3009; x_wconf 87' lang='lat' dir='ltr'>scholae</span> <span class='ocrx_word' id='word_1_153' title='bbox 333 2935 506 3032; x_wconf 88' lang='lat' dir='ltr'>regimen</span> <span class='ocrx_word' id='word_1_154' title='bbox 531 2935 816 3033; x_wconf 86' lang='lat' dir='ltr'>pertinentibus</span> <span class='ocrx_word' id='word_1_155' title='bbox 840 2944 1036 3035; x_wconf 86' lang='lat' dir='ltr'>protracto</span> <span class='ocrx_word' id='word_1_156' title='bbox 1060 2937 1251 3034; x_wconf 87' lang='lat' dir='ltr'>temporis</span> <span class='ocrx_word' id='word_1_157' title='bbox 1275 2938 1401 3037; x_wconf 89' lang='lat' dir='ltr'>spatio</span> 
     </span>
     <span class='ocr_line' id='line_1_23' title="bbox 161 3050 1001 3150; baseline 0.001 -24"><span class='ocrx_word' id='word_1_158' title='bbox 161 3059 201 3126; x_wconf 91' lang='grc'>01</span> <span class='ocrx_word' id='word_1_159' title='bbox 219 3050 423 3149; x_wconf 84' lang='lat' dir='ltr'>diligentia</span> <span class='ocrx_word' id='word_1_160' title='bbox 441 3077 531 3126; x_wconf 86' lang='grc'><strong>1911</strong></span> <span class='ocrx_word' id='word_1_161' title='bbox 548 3051 730 3150; x_wconf 86' lang='lat' dir='ltr'>religiosa</span> <span class='ocrx_word' id='word_1_162' title='bbox 746 3051 1001 3127; x_wconf 89' lang='lat' dir='ltr'>instruantur.</span> 
     </span>
    </p>

    <p class='ocr_par' dir='ltr' id='par_1_4' title="bbox 161 3166 1402 3734">
     <span class='ocr_line' id='line_1_24' title="bbox 211 3166 1402 3266; baseline 0.004 -24"><span class='ocrx_word' id='word_1_163' title='bbox 211 3168 297 3242; x_wconf 78' lang='lat'>206.</span> <span class='ocrx_word' id='word_1_164' title='bbox 328 3166 370 3241; x_wconf 81' lang='lat' dir='ltr'>Si</span> <span class='ocrx_word' id='word_1_165' title='bbox 388 3176 530 3261; x_wconf 88' lang='lat' dir='ltr'>autem,</span> <span class='ocrx_word' id='word_1_166' title='bbox 549 3167 648 3243; x_wconf 88' lang='lat' dir='ltr'>sicut</span> <span class='ocrx_word' id='word_1_167' title='bbox 667 3169 752 3266; x_wconf 83' lang='lat' dir='ltr'>jam</span> <span class='ocrx_word' id='word_1_168' title='bbox 770 3168 913 3243; x_wconf 90' lang='lat' dir='ltr'>alicubi</span> <span class='ocrx_word' id='word_1_169' title='bbox 929 3170 1075 3245; x_wconf 84' lang='lat' dir='ltr'>factum</span> <span class='ocrx_word' id='word_1_170' title='bbox 1093 3178 1163 3262; x_wconf 88' lang='lat' dir='ltr'>est,</span> <span class='ocrx_word' id='word_1_171' title='bbox 1182 3173 1402 3248; x_wconf 72' lang='lat' dir='ltr'>sacerdotes</span> 
     </span>
     <span class='ocr_line' id='line_1_25' title="bbox 161 3283 1401 3386; baseline 0.003 -27"><span class='ocrx_word' id='word_1_172' title='bbox 161 3283 244 3359; x_wconf 89' lang='lat' dir='ltr'>sive</span> <span class='ocrx_word' id='word_1_173' title='bbox 278 3283 492 3359; x_wconf 86' lang='lat' dir='ltr'>saeculares</span> <span class='ocrx_word' id='word_1_174' title='bbox 531 3285 614 3359; x_wconf 87' lang='lat' dir='ltr'>sive</span> <span class='ocrx_word' id='word_1_175' title='bbox 652 3284 850 3383; x_wconf 83' lang='lat' dir='ltr'>regulares</span> <span class='ocrx_word' id='word_1_176' title='bbox 888 3284 929 3359; x_wconf 94' lang='lat' dir='ltr'>in</span> <span class='ocrx_word' id='word_1_177' title='bbox 969 3286 1148 3385; x_wconf 91' lang='lat' dir='ltr'>pluribus</span> <span class='ocrx_word' id='word_1_178' title='bbox 1187 3288 1401 3386; x_wconf 84' lang='lat' dir='ltr'>provinciis</span> 
     </span>
     <span class='ocr_line' id='line_1_26' title="bbox 162 3399 1402 3501; baseline 0.006 -28"><span class='ocrx_word' id='word_1_179' title='bbox 162 3399 306 3474; x_wconf 87' lang='lat' dir='ltr'>nostris</span> <span class='ocrx_word' id='word_1_180' title='bbox 349 3400 500 3475; x_wconf 88' lang='lat' dir='ltr'>scholas</span> <span class='ocrx_word' id='word_1_181' title='bbox 552 3401 747 3475; x_wconf 86' lang='lat' dir='ltr'>normales</span> <span class='ocrx_word' id='word_1_182' title='bbox 790 3402 841 3476; x_wconf 87' lang='lat' dir='ltr'>ad</span> <span class='ocrx_word' id='word_1_183' title='bbox 888 3401 1096 3501; x_wconf 90' lang='lat' dir='ltr'>magistros</span> <span class='ocrx_word' id='word_1_184' title='bbox 1147 3401 1269 3478; x_wconf 86' lang='lat' dir='ltr'>laicos</span> <span class='ocrx_word' id='word_1_185' title='bbox 1312 3428 1402 3481; x_wconf 88' lang='grc'><strong>1910</strong></span> 
     </span>
     <span class='ocr_line' id='line_1_27' title="bbox 162 3515 1401 3620; baseline 0.004 -29"><span class='ocrx_word' id='word_1_186' title='bbox 162 3515 380 3591; x_wconf 83' lang='lat' dir='ltr'>Catholicos</span> <span class='ocrx_word' id='word_1_187' title='bbox 422 3516 681 3593; x_wconf 87' lang='lat' dir='ltr'>instituendos</span> <span class='ocrx_word' id='word_1_188' title='bbox 723 3517 876 3616; x_wconf 89' lang='lat' dir='ltr'>erigant</span> <span class='ocrx_word' id='word_1_189' title='bbox 921 3544 1063 3617; x_wconf 87' lang='lat' dir='ltr'>easque</span> <span class='ocrx_word' id='word_1_190' title='bbox 1108 3519 1209 3595; x_wconf 90' lang='lat' dir='ltr'>bene</span> <span class='ocrx_word' id='word_1_191' title='bbox 1250 3529 1401 3620; x_wconf 79' lang='lat' dir='ltr'>regant,</span> 
     </span>
     <span class='ocr_line' id='line_1_28' title="bbox 162 3633 1262 3734; baseline 0.005 -26"><span class='ocrx_word' id='word_1_192' title='bbox 162 3657 254 3708; x_wconf 88' lang='lat' dir='ltr'>sane</span> <span class='ocrx_word' id='word_1_193' title='bbox 281 3657 378 3731; x_wconf 88' lang='lat' dir='ltr'>opus</span> <span class='ocrx_word' id='word_1_194' title='bbox 404 3634 550 3709; x_wconf 81' lang='lat' dir='ltr'>faciunt</span> <span class='ocrx_word' id='word_1_195' title='bbox 575 3633 681 3708; x_wconf 91' lang='lat' dir='ltr'>omni</span> <span class='ocrx_word' id='word_1_196' title='bbox 707 3633 824 3710; x_wconf 88' lang='lat' dir='ltr'>laude</span> <span class='ocrx_word' id='word_1_197' title='bbox 849 3642 889 3710; x_wconf 89' lang='lat' dir='ltr'>et</span> <span class='ocrx_word' id='word_1_198' title='bbox 914 3635 1058 3710; x_wconf 81' lang='lat' dir='ltr'>auxilio</span> <span class='ocrx_word' id='word_1_199' title='bbox 1084 3635 1262 3734; x_wconf 90' lang='lat' dir='ltr'>dignum.</span> 
     </span>
    </p>

    <p class='ocr_par' dir='ltr' id='par_1_5' title="bbox 162 3749 1402 4547">
     <span class='ocr_line' id='line_1_29' title="bbox 212 3749 1401 3853; baseline 0.005 -29"><span class='ocrx_word' id='word_1_200' title='bbox 212 3750 298 3826; x_wconf 79' lang='lat'><strong>207.</strong></span> <span class='ocrx_word' id='word_1_201' title='bbox 334 3749 443 3825; x_wconf 89' lang='lat' dir='ltr'>Haec</span> <span class='ocrx_word' id='word_1_202' title='bbox 473 3751 605 3825; x_wconf 86' lang='lat' dir='ltr'>omnia</span> <span class='ocrx_word' id='word_1_203' title='bbox 635 3751 684 3825; x_wconf 89' lang='lat' dir='ltr'>ab</span> <span class='ocrx_word' id='word_1_204' title='bbox 717 3750 766 3825; x_wconf 90' lang='lat' dir='ltr'>iis</span> <span class='ocrx_word' id='word_1_205' title='bbox 800 3777 967 3850; x_wconf 91' lang='lat' dir='ltr'>quorum</span> <span class='ocrx_word' id='word_1_206' title='bbox 1002 3752 1175 3846; x_wconf 84' lang='lat' dir='ltr'>interest,</span> <span class='ocrx_word' id='word_1_207' title='bbox 1202 3751 1401 3853; x_wconf 87' lang='lat' dir='ltr'>imprimis</span> 
     </span>
     <span class='ocr_line' id='line_1_30' title="bbox 162 3866 1401 3968; baseline 0.003 -25"><span class='ocrx_word' id='word_1_208' title='bbox 162 3892 186 3943; x_wconf 91' lang='grc'>1</span> <span class='ocrx_word' id='word_1_209' title='bbox 234 3866 506 3960; x_wconf 86' lang='lat' dir='ltr'>sacerdotibus,</span> <span class='ocrx_word' id='word_1_210' title='bbox 545 3867 641 3941; x_wconf 87' lang='lat' dir='ltr'>viris</span> <span class='ocrx_word' id='word_1_211' title='bbox 684 3867 804 3961; x_wconf 89' lang='lat' dir='ltr'>laicis,</span> <span class='ocrx_word' id='word_1_212' title='bbox 844 3868 1043 3967; x_wconf 85' lang='lat' dir='ltr'>magistris</span> <span class='ocrx_word' id='word_1_213' title='bbox 1086 3875 1127 3945; x_wconf 87' lang='lat' dir='ltr'>et</span> <span class='ocrx_word' id='word_1_214' title='bbox 1171 3871 1401 3968; x_wconf 88' lang='lat' dir='ltr'>parentibus</span> 
     </span>
     <span class='ocr_line' id='line_1_31' title="bbox 162 3982 1402 4084; baseline 0.004 -26"><span class='ocrx_word' id='word_1_215' title='bbox 162 3982 371 4058; x_wconf 87' lang='lat' dir='ltr'>Catholicis</span> <span class='ocrx_word' id='word_1_216' title='bbox 396 3982 503 4057; x_wconf 90' lang='lat' dir='ltr'>omni</span> <span class='ocrx_word' id='word_1_217' title='bbox 534 4009 611 4082; x_wconf 87' lang='lat' dir='ltr'>qua</span> <span class='ocrx_word' id='word_1_218' title='bbox 635 4009 709 4083; x_wconf 87' lang='lat' dir='ltr'>par</span> <span class='ocrx_word' id='word_1_219' title='bbox 733 3991 793 4059; x_wconf 88' lang='lat' dir='ltr'>est</span> <span class='ocrx_word' id='word_1_220' title='bbox 821 3985 1040 4060; x_wconf 87' lang='lat' dir='ltr'>reverentia</span> <span class='ocrx_word' id='word_1_221' title='bbox 1068 3987 1339 4084; x_wconf 89' lang='lat' dir='ltr'>ponderentur</span> <span class='ocrx_word' id='word_1_222' title='bbox 1363 3993 1402 4063; x_wconf 87' lang='lat' dir='ltr'>et</span> 
     </span>
     <span class='ocr_line' id='line_1_32' title="bbox 162 4098 1400 4202; baseline 0.004 -29"><span class='ocrx_word' id='word_1_223' title='bbox 162 4099 243 4174; x_wconf 87' lang='grc'><strong>1010</strong></span> <span class='ocrx_word' id='word_1_224' title='bbox 271 4098 452 4196; x_wconf 88' lang='lat' dir='ltr'>religioso</span> <span class='ocrx_word' id='word_1_225' title='bbox 483 4100 748 4194; x_wconf 87' lang='lat' dir='ltr'>observentur,</span> <span class='ocrx_word' id='word_1_226' title='bbox 776 4108 820 4176; x_wconf 91' lang='lat' dir='ltr'>ut</span> <span class='ocrx_word' id='word_1_227' title='bbox 848 4101 1002 4176; x_wconf 86' lang='lat' dir='ltr'>scholae</span> <span class='ocrx_word' id='word_1_228' title='bbox 1036 4110 1192 4177; x_wconf 89' lang='lat' dir='ltr'>nostrae</span> <span class='ocrx_word' id='word_1_229' title='bbox 1225 4102 1400 4202; x_wconf 88' lang='lat' dir='ltr'>parochi·</span> 
     </span>
     <span class='ocr_line' id='line_1_33' title="bbox 162 4214 1401 4315; baseline 0.005 -26"><span class='ocrx_word' id='word_1_230' title='bbox 162 4215 242 4290; x_wconf 86' lang='lat' dir='ltr'>ales</span> <span class='ocrx_word' id='word_1_231' title='bbox 278 4214 403 4313; x_wconf 86' lang='lat' dir='ltr'>magis</span> <span class='ocrx_word' id='word_1_232' title='bbox 434 4215 635 4315; x_wconf 85' lang='lat' dir='ltr'>magisque</span> <span class='ocrx_word' id='word_1_233' title='bbox 665 4224 704 4292; x_wconf 87' lang='lat' dir='ltr'>et</span> <span class='ocrx_word' id='word_1_234' title='bbox 733 4242 894 4291; x_wconf 87' lang='lat' dir='ltr'>numero</span> <span class='ocrx_word' id='word_1_235' title='bbox 925 4219 1401 4314; x_wconf 70' lang='grc'><strong>011110100111011110</strong></span> 
     </span>
     <span class='ocr_line' id='line_1_34' title="bbox 163 4331 1401 4432; baseline 0.005 -28"><span class='ocrx_word' id='word_1_236' title='bbox 163 4355 239 4405; x_wconf 89' lang='lat' dir='ltr'>non</span> <span class='ocrx_word' id='word_1_237' title='bbox 274 4336 428 4405; x_wconf 87' lang='lat' dir='ltr'>tuntum</span> <span class='ocrx_word' id='word_1_238' title='bbox 461 4331 664 4425; x_wconf 87' lang='lat' dir='ltr'>Ecclesiae,</span> <span class='ocrx_word' id='word_1_239' title='bbox 692 4335 760 4408; x_wconf 89' lang='lat' dir='ltr'>sed</span> <span class='ocrx_word' id='word_1_240' title='bbox 791 4334 909 4408; x_wconf 89' lang='lat' dir='ltr'>etiam</span> <span class='ocrx_word' id='word_1_241' title='bbox 939 4333 1176 4432; x_wconf 87' lang='lat' dir='ltr'>reipublicae</span> <span class='ocrx_word' id='word_1_242' title='bbox 1206 4334 1401 4410; x_wconf 87' lang='lat' dir='ltr'>honoret</span> 
     </span>
     <span class='ocr_line' id='line_1_35' title="bbox 162 4447 1205 4547; baseline 0.006 -28"><span class='ocrx_word' id='word_1_243' title='bbox 162 4447 288 4539; x_wconf 84' lang='lat' dir='ltr'>docus,</span> <span class='ocrx_word' id='word_1_244' title='bbox 313 4472 400 4544; x_wconf 86' lang='lat' dir='ltr'>spos</span> <span class='ocrx_word' id='word_1_245' title='bbox 427 4455 466 4521; x_wconf 88' lang='grc'>91</span> <span class='ocrx_word' id='word_1_246' title='bbox 490 4447 670 4522; x_wconf 88' lang='lat' dir='ltr'>columna</span> <span class='ocrx_word' id='word_1_247' title='bbox 696 4449 736 4522; x_wconf 89' lang='lat' dir='ltr'>in</span> <span class='ocrx_word' id='word_1_248' title='bbox 764 4450 846 4523; x_wconf 85' lang='lat' dir='ltr'>dies</span> <span class='ocrx_word' id='word_1_249' title='bbox 874 4450 998 4547; x_wconf 89' lang='lat' dir='ltr'>magis</span> <span class='ocrx_word' id='word_1_250' title='bbox 1024 4453 1205 4525; x_wconf 87' lang='lat' dir='ltr'>evadant.</span> 
     </span>
    </p>
   </div>
   <div class='ocr_carea' id='block_1_3' title="bbox 0 0 1579 5242">
    <p class='ocr_par' dir='ltr' id='par_1_6' title="bbox 0 0 1579 5242">
     <span class='ocr_line' id='line_1_36' title="bbox 0 0 1579 5242; baseline 0 0"><span class='ocrx_word' id='word_1_251' title='bbox 0 0 1579 5242; x_wconf 95' lang='lat' dir='ltr'> </span> 
     </span>
    </p>
   </div>
  </div>
 </body>
</html>
