3142 5242
432 475 486 521 un
515 474 659 522 nrrrrs
689 476 740 521 ur
769 471 1162 525 nrunuurruruus.'
1343 462 1405 525 127

169 655 268 729 quae
285 636 378 706 sunt
395 655 510 730 saepe
526 631 645 707 nimis
662 631 761 706 nihil
780 631 888 707 aliud
911 657 1029 731 quam
1046 640 1265 708 commenta
1281 632 1403 708 incre-

169 747 353 823 dulorum
376 753 416 823 et
439 754 671 823 novatorum
692 749 742 823 de
761 746 911 848 origine
933 747 1127 824 societatis
1150 748 1344 825 humanae
1365 756 1405 826 et

169 863 218 937 de
247 862 451 961 potestatis
480 863 608 939 civilis
637 863 841 940 limitibus.
893 863 1110 959 Praeterea,
1141 872 1210 941 aut
1237 864 1402 959 insidiis,

168 979 317 1072 fraude,
334 977 496 1055 mellitis
519 979 649 1056 verbis
672 980 941 1057 auctoritatem
963 981 1157 1057 Ecclesiae
1181 983 1404 1058 subvertere

168 1103 358 1171 conantur
374 1103 443 1173 aut
459 1095 501 1171 in
519 1122 606 1171 eam
624 1104 761 1195 aperta
780 1098 909 1173 fronte
926 1099 1220 1175 debacchantur.
1274 1098 1402 1197 Ephe·

167 1210 287 1287 meris
320 1212 520 1288 Catholica
553 1239 599 1288 ea
631 1219 786 1289 tantum
820 1214 1020 1306 habeatur,
1052 1240 1150 1314 quae
1185 1214 1401 1290 doctrinam

169 1326 364 1404 Ecclesiae
390 1329 549 1428 exponit
576 1354 620 1405 ac
646 1336 789 1424 tuetur,
817 1330 1012 1406 Ecclesiae
1041 1356 1268 1431 progressus
1296 1332 1402 1407 dorni

167 1444 337 1544 forisque
364 1453 509 1541 narrat,
536 1453 577 1523 et
602 1446 823 1523 auctoritati
848 1447 1125 1523 ecclesiasticae
1152 1447 1193 1522 in
1221 1447 1402 1522 omnibus

167 1560 366 1659 subjacere
381 1571 520 1662 parata
536 1571 607 1640 est.
659 1563 796 1663 Neque
812 1570 944 1639 tamen
962 1563 1095 1639 omnia
1111 1589 1210 1664 quae
1232 1564 1274 1639 in
1298 1565 1402 1639 foliis

166 1678 285 1753 etiam
312 1704 405 1754 vere
431 1679 640 1756 Catholicis
669 1679 934 1774 inveniuntur,
962 1679 1141 1755 habenda
1171 1688 1263 1758 sunt
1291 1680 1402 1780 quasi

166 1795 217 1869 ab
249 1793 374 1894 ipsius
405 1795 600 1873 Ecclesiae
633 1797 696 1873 vel
732 1795 923 1896 Episcopi
951 1796 1180 1872 auctoritate
1214 1797 1400 1873 derivata.

166 1910 253 2001 Qua
281 1911 324 1988 in
354 1937 397 1988 re
427 1938 477 1988 ne
505 1914 737 1989 fallerentur
765 1912 910 1988 incauti
940 1913 1113 2006 lectores,
1144 1913 1291 2012 optime
1315 1912 1401 2012 jam

165 2027 421 2126 providerant
441 2031 760 2106 Praedecessores
784 2029 907 2105 nostri
931 2030 993 2105 his
1017 2029 1166 2106 verbis:
1196 2029 1288 2106 “Ut
1310 2056 1403 2105 vera

164 2145 305 2239 relatio
328 2153 373 2223 ut
394 2146 618 2246 loquuntur,
637 2145 838 2223 Ordinarii
862 2148 912 2221 ad
935 2145 1030 2221 folia
1053 2145 1309 2222 ecclesiastica
1332 2172 1401 2221 scu

166 2261 436 2360 ephemerides
461 2262 679 2338 Catholicae
709 2271 811 2338 recte
835 2269 876 2339 et
905 2263 1106 2362 perspicue
1136 2262 1401 2361 intelligatur3

165 2384 210 2453 ut
239 2379 398 2454 demum
429 2380 561 2455 nullus
590 2387 661 2457 aut
689 2379 833 2455 nostris
867 2386 935 2455 aut
965 2379 1200 2455 adversariis
1234 2380 1403 2479 supersit

166 2494 372 2570 dubitandi
406 2502 477 2572 aut
513 2495 724 2571 cavillandi
764 2495 882 2590 locria,
918 2494 1055 2571 Patres
1088 2495 1206 2594 hujus
1241 2495 1403 2570 Concilii

165 2609 340 2686 Plenarii
356 2614 590 2709 profitentur
601 2620 718 2712 atque
730 2613 940 2706 declarant,
953 2611 1274 2710 approbationem
1290 2611 1401 2687 Ordi-

165 2725 279 2821 narii,
306 2753 406 2827 quae
432 2729 482 2803 de
509 2754 617 2804 more
643 2729 748 2804 foliis
765 2717 983 2803 'Catholicis
1012 2728 1138 2821 datur,
1164 2727 1265 2802 nibil
1292 2728 1403 2802 aliud

164 2842 240 2917 sibi
257 2844 370 2937 velle,
387 2870 506 2944 quam
523 2845 702 2943 judicare
719 2844 957 2943 Episcopum
982 2843 1081 2920 nihil
1102 2871 1125 2919 a
1146 2844 1399 2943 scriptoribus

164 2967 300 3035 contra
328 2962 405 3036 fide
433 2968 474 3037 et
503 2987 631 3037 mores
659 2960 837 3061 proferri,
864 2985 975 3060 spem
1006 2986 1158 3061 quoque
1187 2962 1331 3036 bonam
1361 2988 1402 3036 se

164 3076 309 3152 habere
349 3077 449 3153 nihil
491 3077 534 3153 in
576 3086 776 3178 posterum
818 3078 1108 3176 proferendum,
1143 3103 1285 3177 eosque
1319 3103 1402 3153 esse

164 3194 384 3268 redactores
408 3219 575 3295 quorum
600 3194 746 3293 scripta
770 3196 821 3270 ad
847 3194 1153 3270 aedificationem
1180 3192 1293 3269 utilia
1318 3220 1402 3269 esse

137 3290 340 3408 'possint3
384 3311 624 3410 Episcopum
657 3336 750 3386 vero
784 3336 909 3410 neque
949 3333 1064 3409 posse
1102 3334 1226 3409 neque
1261 3311 1401 3386 debere

163 3428 400 3525 respondere
422 3452 468 3503 ac
487 3426 680 3503 rationem
703 3428 866 3502 reddere
887 3428 936 3502 de
956 3426 1005 3502 iis
1028 3426 1220 3519 universe,
1237 3451 1337 3525 quae
1360 3427 1401 3501 in

133 3607 134 3610 ,
163 3542 390 3641 hujusmodi
418 3543 523 3619 foliis
553 3543 757 3637 habentur,
783 3545 852 3619 sed
882 3545 931 3620 de
959 3543 1009 3619 iis
1038 3550 1204 3636 tantum,
1230 3569 1330 3642 quae
1361 3544 1401 3617 ri

164 3659 278 3734 officii
308 3660 370 3736 sui
404 3662 587 3754 docendo,
617 3661 823 3753 monend0,
848 3659 1023 3759 jubendo
1057 3667 1126 3734 aut
1157 3661 1324 3735 vetando
1359 3661 1400 3734 in
1487 3700 1489 3704 Α

115 3770 120 3779 ’
164 3777 307 3875 vulgus
332 3776 509 3871 ediderit,
532 3783 573 3852 et
596 3778 737 3877 quibua
762 3802 834 3852 sua
860 3774 945 3875 ipse
970 3802 1090 3851 manu
1116 3775 1399 3875 subscripserit.

163 3895 295 3991 Atque
320 3892 415 3968 haec
439 3893 598 3993 quidem
623 3892 785 3992 posthac
809 3892 851 3968 in
876 3890 1064 3992 pastorali
1094 3892 1212 3990 hujus
1238 3891 1400 3967 Concilii

163 4008 331 4106 epistola
352 4009 505 4108 anglico
525 4033 704 4085 sermone
720 4008 1008 4102 conscribenda,
1026 4015 1071 4083 ut
1087 4009 1137 4083 ad
1155 4007 1331 4083 omnium
1350 4010 1400 4082 ad

163 4150 261 4224 quos
281 4133 441 4223 spectat,
458 4125 640 4200 notitiam
658 4125 878 4218 deveniant,
896 4124 1080 4200 disertius
1097 4150 1141 4199 ac
1157 4124 1282 4199 fusius
1299 4150 1400 4199 com-

164 4245 419 4318 memoranda
434 4250 552 4342 atque
567 4241 798 4340 explicanda
815 4240 1096 4316 decernimus.'’
1135 4240 1225 4340 (No.
1243 4241 1346 4338 508.)

213 4359 300 4434 229.
335 4358 599 4449 Quamobrem
619 4359 871 4433 vehementer
895 4357 1136 4432 obtestamur
1161 4363 1276 4455 atque
1294 4357 1400 4431 obse·

164 4499 319 4550 cramus
335 4499 482 4567 omues,
500 4473 584 4549 sive
600 4474 758 4549 clericos
775 4473 858 4548 sive
876 4472 1005 4566 laicos,
1019 4472 1160 4572 quibus
1178 4472 1401 4570 hujusmodi

167 4592 459 4693 ephemeridum
488 4615 582 4665 cura
611 4589 818 4665 commissa
845 4597 915 4682 est,
946 4595 1102 4663 uttam
1132 4589 1208 4662 fide
1242 4594 1282 4662 et
1314 4613 1401 4662 con·
