3142 5242
172 486 234 548 176
301 499 483 545 rrruuus
507 499 662 547 x.-nn
688 499 880 547 runrcus
908 496 1277 545 eccnnsusrrcm.

611 851 826 927 CAPUT
862 851 966 926 III.

245 1017 310 1092 Dn
335 1019 459 1094 Mouo
486 1018 752 1094 Paocnnnruu
781 1040 827 1093 ru
853 1018 999 1093 Onusrs
1024 1016 1337 1093 Carumaumus

646 1134 926 1210 Caunrconmr.

481 1304 552 1399 qr.
580 1302 638 1376 m
664 1301 775 1376 Modo
802 1301 1097 1401 ratrammo.

218 1471 304 1549 308.
331 1470 390 1546 Ut
414 1468 456 1544 in
482 1468 678 1568 praesenti
705 1467 858 1566 negotio
875 1474 961 1543 tum
978 1474 1105 1542 rectus
1129 1468 1227 1543 ordo
1252 1466 1399 1544 facilius

167 1587 327 1680 servari,
344 1594 430 1663 tum
457 1584 704 1661 uniformitas
720 1583 763 1659 in
780 1583 946 1681 singulis
967 1582 1207 1659 dioecesibus
1223 1585 1276 1660 ab
1291 1583 1398 1661 initio

167 1702 333 1779 stabiliri
350 1701 485 1802 possit,
504 1702 664 1775 modum
682 1724 884 1798 processus
898 1698 1014 1797 juxta
1029 1700 1068 1776 S.
1083 1699 1398 1799 Congregationis

166 1817 461 1894 instructionem
492 1815 720 1891 instituendi
747 1815 865 1915 paulo
892 1815 1111 1891 uberiorem
1135 1816 1396 1915 proponimus

217 1935 382 2025 Quando
414 1936 464 2009 ad
498 1957 611 2008 aures
647 1931 831 2031 Episcopi
865 1931 1210 2031 pervenit‘aliquo
1243 1931 1288 2010 in
1320 1933 1396 2010 loco

166 2050 316 2153 peccari
341 2050 405 2127 vel
430 2057 637 2150 praecepta
661 2049 763 2124 clero
787 2047 974 2147 imposita
999 2048 1157 2147 negligi,
1183 2048 1396 2150 Episcopus

166 2167 363 2266 inquirere
387 2174 552 2259 tenetur,
571 2173 703 2241 utrum
730 2165 874 2240 abusus
899 2165 963 2240 vel
998 2165 1184 2240 delictum
1214 2168 1322 2267 quod
1351 2166 1396 2242 ad

166 2309 256 2361 eum
282 2284 455 2358 defertur
471 2307 563 2358 vere
587 2281 730 2358 existat
754 2306 800 2356 ac
823 2280 934 2380 cujus
952 2288 1113 2357 naturae
1135 2289 1176 2357 et
1195 2282 1394 2381 gravitatis

165 2398 227 2494 sit,
245 2407 291 2475 ut
307 2399 348 2474 in
366 2397 600 2480 conscientia
619 2397 796 2497 judicare
821 2395 957 2496 possit,
976 2404 1109 2472 utrum
1132 2397 1216 2473 ulla
1242 2399 1393 2474 omniuo

164 2522 205 2592 et
221 2542 320 2615 quae
336 2515 510 2590 remedia
527 2514 711 2589 adhibere
728 2516 878 2590 debeat.

216 2631 425 2731 Inquisitio
441 2655 559 2729 quam
587 2629 767 2706 instituet
790 2629 867 2706 erit
887 2637 955 2707 aut
975 2619 1169 2731 generalis
1189 2639 1261 2709 aut
1281 2630 1392 2732 speci·

156 2748 258 2824 alis:
285 2736 488 2846 generalis,
506 2748 661 2844 quando
688 2747 832 2821 abusus
849 2747 912 2821 vel
939 2747 1123 2822 delictum
1143 2754 1301 2824 tantum
1318 2749 1392 2824 sinc

165 2863 425 2962 delinquentis
451 2863 608 2937 nomine
634 2864 683 2937 ad
710 2862 894 2961 Episcopi
922 2862 1101 2938 notitiam
1122 2865 1254 2959 venit3
1281 2864 1389 2964 speci·

165 2980 248 3072 alie,
274 2982 429 3078 quando
461 3004 656 3053 unacum
687 2980 811 3053 abusu
841 2979 903 3052 vel
936 2978 1076 3054 delicto
1107 2980 1228 3056 etiam
1260 3003 1390 3056 nomen

164 3094 426 3193 delinquentis
443 3097 494 3169 ad
511 3120 600 3169 oum
619 3095 793 3170 dolatum
812 3102 881 3170 est.

214 3211 429 3308 Episcopus
455 3211 556 3285 hanc
580 3210 870 3308 inquisitionem
889 3211 1061 3289 instituit
1077 3214 1139 3289 vel
1157 3213 1244 3312 ipse
1260 3239 1388 3314 perse,

163 3327 226 3401 vel
253 3326 470 3425 paralium
496 3326 626 3400 virum
652 3326 951 3402 ecclesiasticum
977 3329 1027 3403 ab
1052 3329 1138 3427 ipso
1155 3332 1388 3429 deputatum.

164 3442 204 3517 Si
233 3451 351 3517 testes
385 3442 632 3517 examinandi
670 3450 771 3533 sunt,
807 3451 953 3519 secreto
987 3453 1027 3521 et
1060 3445 1293 3544 singillatim
1319 3449 1389 3523 fiat.

165 3559 342 3633 Ceterum
370 3584 461 3633 vero
493 3567 610 3651 curet,
637 3566 681 3634 ut
710 3567 794 3633 turn
820 3559 980 3635 testium
1019 3562 1281 3659 depositiones
1313 3572 1390 3640 tum

164 3674 454 3749 informationes
491 3676 664 3773 aliaeque
706 3676 930 3774 hujusmodi
972 3679 1221 3776 probationes
1255 3681 1391 3780 scripto

162 3792 368 3865 tradantur
395 3798 435 3866 ot
462 3793 504 3866 in
540 3791 657 3866 Curia
691 3801 905 3886 serventur,
934 3801 1022 3888 “ut,
1052 3793 1086 3871 si
1122 3821 1221 3895 opus
1256 3799 1318 3892 sit,
1347 3797 1392 3873 ad

164 3907 348 3982 ulteriora
368 3911 574 4006 procedere
595 3908 729 4007 possit,
748 3916 786 3983 et
812 3917 856 3985 ut
881 3911 1101 3986 auctoritati
1119 3914 1392 3989 ecclesiasticae

163 4023 372 4121 superioris
399 4026 542 4122 gradus
572 4024 614 4098 in
649 4049 739 4099 casu
774 4025 939 4123 legitimi
974 4052 1152 4102 recursus
1185 4029 1309 4105 totius
1340 4027 1392 4104 rei

162 4139 352 4213 rationem
371 4140 545 4214 reddat.”
603 4143 652 4238 (a.
672 4146 726 4240 v.)

213 4255 298 4329 Hac
331 4255 581 4353 inquisitione
616 4266 782 4356 peracta,
817 4258 1034 4359 Episcopus
1062 4262 1228 4361 judicat,
1266 4274 1392 4341 utrum

161 4370 420 4466 probationes,
438 4372 501 4446 vel
526 4372 665 4447 saltem
691 4373 835 4448 indicia
853 4375 895 4449 in
914 4377 1044 4476 aliquo
1064 4378 1191 4477 pretio
1218 4380 1393 4456 habenda

163 4486 392 4562 sufficienter
417 4488 557 4581 adsint,
587 4514 684 4587 quae
714 4515 803 4564 eum
834 4492 884 4565 ad
916 4492 1078 4567 ulterius
1107 4498 1392 4592 procedendum

161 4609 294 4677 contra
311 4603 540 4703 inquisitum
559 4605 729 4703 adigant.
784 4660 787 4666 -
