3142 5242
441 487 497 533 nn
526 487 702 535 nrrnars
731 487 1128 536 conunnnnrrrrrs.
1339 470 1400 533 211

166 645 262 709 nibus
280 653 312 710 et
333 642 463 731 publica
483 642 701 710 diffamatione
722 645 924 730 probationes
943 655 1043 709 certas
1062 645 1158 709 etiam
1179 642 1403 709 extraiudicia-

167 748 241 813 liter
265 749 459 835 conquisitas
483 749 545 814 sibi
570 749 812 836 comparaverit,
831 771 911 834 quas
937 749 972 812 in
995 771 1069 813 casu
1088 771 1233 812 recursus
1254 746 1404 812 exhibere

166 853 272 918 valeat
285 853 397 918 Sacrae
411 852 667 940 Congregationi.

209 957 265 1022 Ad
289 960 320 1023 2.
366 956 409 1021 In
428 980 501 1023 amn
521 959 684 1043 proposito
703 956 896 1044 praedictam
918 955 1143 1021 Instructionis
1162 955 1402 1043 dispositionem

166 1084 230 1127 non
246 1061 361 1127 babere
376 1062 492 1128 locum.

209 1166 266 1231 Ad
288 1169 318 1232 3.
364 1166 459 1231 Sacra
478 1166 691 1254 Congregatio
711 1166 867 1253 indulget,
883 1174 920 1231 ut
934 1166 1123 1253 Episcopus,
1138 1175 1309 1254 antequam
1326 1189 1402 1230 con-

166 1270 247 1335 ferat
261 1270 394 1335 titulum
410 1270 575 1336 Missionis
589 1270 805 1358 Regularibus
823 1294 843 1336 a
861 1293 921 1335 suo
941 1269 1065 1335 Ordine
1078 1271 1220 1357 egressis,
1236 1269 1336 1357 possit
1349 1292 1403 1334 eos

165 1375 291 1439 mittere
303 1375 344 1440 ad
359 1384 486 1460 tempus
499 1397 677 1462 congruum
691 1374 733 1440 ad
746 1374 888 1461 aliquam
899 1374 1086 1439 Missioncm
1098 1374 1266 1460 regendam
1278 1373 1403 1460 experi-

166 1479 264 1542 menti
279 1487 312 1543 ct
330 1479 528 1565 probationis
542 1502 645 1562 causa,
659 1479 800 1566 exceptis
818 1479 970 1565 apostatis
987 1486 1019 1543 et
1039 1477 1087 1560 iis,
1103 1478 1159 1564 qni
1175 1487 1286 1564 utpote
1299 1478 1402 1542 incor-

166 1581 308 1668 rigibiles
336 1582 426 1647 eiecti
451 1583 592 1666 fuerunt,
616 1606 697 1670 qnos
725 1591 895 1670 perpetuae
922 1582 1122 1667 suspensioni
1152 1581 1313 1646 obnoxios·
1337 1604 1403 1646 csse

165 1685 271 1750 voluit
294 1708 320 1752 s.
344 1709 387 1752 m.
407 1686 560 1752 Urbanus
581 1686 693 1755 VIII.
718 1687 843 1752 decreto
866 1684 953 1750 edito
973 1707 1032 1772 per
1056 1683 1401 1772 &congregationem

165 1787 303 1855 Consilii
317 1789 371 1854 dic
386 1792 425 1854 21
442 1789 637 1876 Septembris
653 1792 749 1856 1624.

154 1949 157 1953 .
209 1893 265 1958 Ad
286 1896 317 1958 4.
364 1892 568 1958 Affirmative
581 1892 623 1958 ad
637 1903 819 1980 utrumque.

210 1998 265 2062 nd
289 2001 319 2063 5.
365 1996 579 2062 Affirmative.

209 2250 455 2325 Responsum
483 2251 581 2325 Eur.
608 2252 646 2326 S.
674 2251 715 2327 O.
742 2274 796 2326 nn
822 2252 866 2326 P.
895 2252 939 2326 F.
967 2252 1091 2327 Cano.
1120 2253 1354 2327 Paternum

416 2367 543 2442 Omen
570 2367 749 2441 ernnas
775 2367 1146 2442 Couunnonrrmns

618 2533 692 2619 [Ad
708 2558 744 2619 p.
762 2538 814 2616 35,
829 2557 861 2599 a.
879 2535 948 2620 67.]

165 2639 192 2703 I
192 2639 268 2704 Ilmc.
284 2662 323 2702 nc
340 2639 428 2704 Rara.
444 2638 525 2703 Dae.

210 2742 367 2806 Prudenti
388 2742 659 2828 saluberrimoque
679 2742 812 2807 consilio
826 2742 868 2807 ab
881 2743 1022 2829 antiquis
1036 2742 1233 2830 temporibus
1247 2743 1400 2808 constitu-

164 2858 236 2911 tum
248 2846 312 2911 fuit
323 2854 359 2910 ut
369 2845 485 2928 clerici,
496 2846 681 2931 praesertim
692 2869 770 2911 vero
784 2846 957 2911 sacerdotes
968 2846 1043 2932 vagi
1058 2856 1090 2911 et
1104 2847 1216 2932 ignoti,
1228 2856 1345 2912 temere
1358 2844 1400 2912 ab

165 2950 335 3036 Episcopis
350 2973 415 3014 non
425 2949 659 3035 reciperentur3
681 2948 760 3013 bene
771 2973 847 3014 vcro
857 2951 943 3016 vitae
957 2958 989 3014 et
1002 2950 1250 3015 conversationis
1264 2973 1320 3015 nee
1335 2973 1399 3015 non

165 3053 334 3118 ministerii
344 3053 423 3118 alibi
434 3053 550 3140 peracti
562 3053 708 3140 probatio
718 3054 885 3140 perspicua
894 3054 935 3118 ab
947 3055 987 3118 iis
998 3054 1189 3140 exigeretur.
1226 3054 1312 3119 Nam
1324 3055 1400 3141 quia

165 3157 243 3222 tales
263 3157 369 3222 clerici
391 3156 482 3222 nulla
489 3157 669 3233 ,testimonii
685 3157 747 3223 fide
760 3158 972 3223 commendati
989 3157 1093 3223 solent
1106 3180 1172 3223 esse
1185 3159 1320 3244 suspecti
1333 3184 1342 3240 3
1363 3182 1400 3224 ac

164 3285 256 3348 saepe
276 3261 449 3344 criminosi,
471 3260 525 3327 vel
547 3260 626 3326 alias
647 3260 845 3347 irregulares,
867 3261 1010 3347 fugitivi,
1025 3261 1078 3327 vel
1101 3263 1135 3325 in
1161 3263 1296 3327 exilium
1311 3263 1399 3328 missi

164 3366 404 3453 dignoscuntur,
420 3375 545 3452 oportet
558 3365 598 3429 ad
613 3364 753 3430 malitias
767 3365 937 3430 hominum
959 3365 1191 3452 praecavendas
1211 3365 1400 3453 fraudesque

164 3470 314 3535 vitandas
327 3469 499 3556 diligenter
511 3469 594 3534 cirea
608 3469 693 3555 ipsos
708 3469 878 3556 inquirere,
892 3478 1063 3556 antequam
1078 3469 1145 3534 illis
1161 3471 1306 3534 saerilieii
1320 3470 1400 3535 eele-

165 3574 267 3639 bratio
278 3598 314 3638 ae
324 3583 593 3638 sacramentorum
604 3573 797 3638 ministratio
808 3575 1021 3660 permittatur.
1066 3572 1157 3638 Hinc
1170 3574 1400 3659 sapientissime

164 3701 185 3743 a
198 3678 343 3744 Concilio
363 3678 565 3760 Tridentino,
586 3699 660 3742 sess
683 3696 806 3760 xxm„
829 3700 855 3742 c.
881 3681 932 3743 16.
955 3677 995 3742 de
1019 3677 1103 3760 Res,
1125 3677 1286 3743 decretum
1301 3688 1400 3743 estut

166 3782 306 3846 “nullus
319 3782 451 3846 clericus
472 3782 658 3867 peregrinus
672 3782 741 3846 sinc
756 3781 1023 3847 commendatitiis
1036 3783 1087 3846 sui
1102 3782 1268 3847 Ordinarii
1286 3782 1400 3847 litteris

164 3887 206 3951 ab
228 3886 296 3951 ullo
319 3886 479 3972 Episcopo
500 3884 543 3949 ad
564 3883 677 3949 divina
697 3885 885 3950 celebranda
909 3908 946 3950 ac
970 3895 1164 3951 sacramenta
1189 3886 1400 3951 ministranda

164 3987 386 4056 admittatur.''
431 3989 540 4069 Quam
570 3988 638 4054 ΡΡ.
666 3989 931 4054 Tridentinorum
960 3990 1217 4053 constitutionem
1246 3989 1288 4055 ad
1319 3989 1400 4055 hane

165 4116 264 4180 usque
284 4093 372 4158 diem
392 4092 563 4179 diligenter
584 4092 746 4158 observari
768 4115 826 4178 per
847 4104 951 4157 totum
972 4093 1082 4157 orbern
1104 4093 1291 4178 Almstolica
1304 4092 1400 4158 Sedes

165 4207 343 4263 constanter
353 4197 489 4263 curavit.
534 4196 643 4276 Quare
653 4197 748 4260 etiam
760 4198 794 4260 in
806 4196 1033 4260 recentioribus
1047 4195 1201 4262 Consiliis
1215 4202 1398 4282 praesertim

166 4300 452 4366 Baltimorensibus
480 4299 635 4386 providae
663 4300 822 4364 cautiones
850 4299 960 4364 eadem
989 4322 1084 4385 super
1110 4322 1144 4364 re
1172 4295 1400 4364 determinatae

166 4404 306 4471 fuerunt.

209 4508 362 4573 Graviter
376 4510 483 4596 itaque
496 4508 573 4574 tulit
591 4508 687 4573 Sacra
708 4507 920 4595 Congregatio
935 4508 975 4573 de
990 4508 1202 4595 Propaganda
1216 4508 1299 4573 Fide
1314 4509 1401 4596 quod

166 4634 231 4677 non
245 4612 341 4677 semel
356 4611 397 4677 ad
411 4613 479 4677 eius
493 4635 584 4676 ames
605 4613 762 4698 pervenit,
777 4612 970 4700 quandoque
985 4613 1018 4676 in
1033 4612 1185 4677 Ecclesiis
1206 4612 1400 4678 Missionum

298 4718 338 4781 21

1264 4836 1469 4896 -ι,
