3142 5242
626 494 680 539 un
709 492 942 540 concussu.
1359 475 1401 539 25

168 674 288 748 grave
322 674 465 723 munus
499 649 615 748 digne
650 674 693 723 ac
726 673 910 747 prospere
940 649 1172 741 obeundum,
1200 672 1347 723 necnon
1378 674 1401 722 a

168 764 315 863 populo
351 763 570 839 Christiano
605 763 866 839 obedientiam
905 790 949 839 ac
986 763 1273 839 observantiam
1308 789 1401 839 suae

169 880 389 955 auctoritati
415 880 597 956 debitam.

615 1319 831 1393 CAPUT
862 1319 949 1395 VI.

627 1519 691 1593 Da
717 1519 941 1594 Concunsn

215 1703 277 1779 40.
304 1701 521 1777 Concilium
535 1701 807 1777 Tridentinum
826 1704 1081 1800 perpendens,
1096 1700 1265 1777 maxime
1282 1700 1400 1777 saluti

167 1819 386 1893 animarum
411 1819 593 1916 expedire
610 1826 655 1893 ut
672 1817 868 1892 Dominici
892 1818 1021 1916 gregis
1046 1818 1220 1917 regimen
1244 1816 1400 1892 nonnisi

167 1934 296 2033 dignis
330 1942 446 2034 atque
479 1934 631 2010 idoneis
661 1933 840 2033 parochis
869 1936 1131 2022 concredatur,
1158 1933 1330 2009 decrevit
1358 1933 1399 2008 in

166 2051 407 2125 conferendis
442 2050 630 2150 paroeciis
656 2049 917 2125 adhibendam
943 2046 1027 2125 esse
1052 2050 1218 2124 formam
1244 2075 1399 2125 concur·

167 2191 244 2260 sus,
271 2192 348 2266 quo
378 2168 497 2260 fieret,
526 2175 572 2242 ut
604 2191 682 2241 non
717 2166 845 2241 solum
883 2165 1036 2265 indigni
1070 2173 1304 2258 arcerentur,
1333 2167 1401 2241 sed

167 2282 362 2381 digniores
404 2283 651 2381 eligerentur.
719 2283 903 2357 Summus
947 2282 1127 2357 Pontifex
1168 2281 1401 2357 Benedictus

166 2398 280 2475 XIV.
310 2397 352 2474 in
378 2397 509 2474 Const.
540 2400 627 2474 Oum
650 2400 745 2474 illud
768 2423 887 2497 supra
917 2411 956 2474 n'.
983 2400 1032 2473 36
1057 2399 1133 2491 cit,
1161 2397 1300 2473 deinde
1325 2398 1400 2471 for·

167 2539 271 2590 mam
305 2515 444 2589 statuit
468 2540 537 2590 seu
562 2516 790 2590 methodum
825 2539 896 2613 pro
928 2514 1104 2589 examine
1139 2514 1180 2588 in
1214 2538 1402 2588 concursu

166 2631 434 2728 eligendorum
471 2634 522 2707 ad
555 2631 735 2708 ecclesias
768 2630 1011 2729 parochiales
1046 2632 1292 2706 servandam.
1345 2629 1402 2705 Ut

166 2746 286 2844 igitur
310 2747 416 2822 hisce
441 2747 484 2823 in
509 2746 732 2847 provinciis,
758 2745 800 2821 in
826 2771 1015 2821 concursu
1044 2748 1400 2846 promovendorum

166 2864 216 2939 ad
241 2862 445 2939 missiones
469 2862 808 2938 inamovibilitatis
834 2864 924 2936 dote
949 2862 1168 2961 insignitas,
1193 2862 1400 2937 methodus

166 2979 406 3073 adhibeatur,
436 3005 537 3079 quae
565 2979 667 3072 hinc,
698 2979 826 3077 quoad
861 2978 1134 3053 substantialia
1167 2979 1317 3071 saltem,
1350 2981 1399 3054 ad

164 3095 363 3170 tramitem
383 3103 621 3171 memoratae
645 3094 933 3170 constitutionis
951 3095 1003 3169 sit
1018 3097 1183 3187 redacta,
1199 3093 1290 3169 inde
1309 3119 1398 3169 vero

164 3235 295 3286 rerum
313 3219 536 3288 nostrarum
559 3211 679 3287 statui
703 3214 1002 3304 accommodata,
1022 3236 1205 3310 praesens
1222 3211 1400 3309 Synodus

165 3327 259 3403 haec
275 3330 469 3403 servanda
484 3328 676 3404 decrevit:

212 3445 274 3519 41.
308 3443 483 3520 Examen
509 3470 578 3520 seu
602 3469 808 3520 concursus
835 3446 885 3519 ad
911 3444 1113 3519 missiones
1140 3444 1400 3521 inamovibili·

164 3560 256 3634 tatis
273 3559 481 3660 privilegio
497 3562 710 3659 gaudentes
736 3560 890 3635 institui
916 3560 1031 3635 debet
1056 3586 1187 3636 coram
1206 3562 1400 3660 Episcopo

165 3676 228 3751 vel
253 3677 339 3774 ejus
362 3676 506 3751 vicario
532 3676 705 3774 generali
731 3703 755 3751 a
779 3676 905 3751 tribus
929 3677 1068 3751 saltem
1095 3703 1142 3752 ex
1165 3677 1401 3753 dioecesanis

166 3792 496 3867 examinatoribus
539 3792 622 3868 loco
665 3792 913 3892 synodalium
956 3792 1020 3867 vel
1067 3793 1400 3892 prosynodalium,

165 3907 396 4001 constitutis,
431 3934 529 4007 quos
563 3908 781 4006 Episcopus
816 3908 1047 4007 designavit.
1117 3909 1246 4008 (Conc.
1282 3909 1400 3999 Trid,

165 4024 264 4099 Sess.
282 4045 415 4114 mv,
441 4026 490 4100 de
516 4025 601 4101 Ref.
626 4050 657 4101 c.
677 4026 754 4123 18.)
810 4025 1015 4100 Panciores
1041 4050 1159 4123 quam
1185 4034 1265 4100 tres
1291 4025 1399 4100 adhi-

166 4140 256 4216 bere
281 4165 360 4215 nou
387 4141 529 4235 licebit,
555 4141 631 4217 nisi
664 4148 725 4216 tot
757 4141 1040 4216 examinatores
1074 4141 1124 4216 ob
1159 4143 1400 4216 sacerdotum

165 4256 402 4354 paucitatem
420 4282 666 4357 nequaquam
683 4256 819 4332 haberi
836 4263 1010 4356 possunt.

215 4374 276 4449 42.
301 4371 476 4449 Vacante
501 4373 696 4467 missione,
714 4399 814 4473 quae
840 4373 892 4448 sit
916 4399 987 4472 per
1003 4398 1232 4449 concursum
1256 4375 1400 4448 confer·

166 4490 278 4583 enda,
314 4489 531 4588 Episcopus
572 4489 757 4565 idoneum
792 4489 980 4564 vicariurn
1015 4489 1056 4563 in
1092 4515 1137 4564 ea
1171 4489 1400 4581 constituat;

167 4604 408 4680 vacationem
431 4605 570 4681 exinde
588 4605 835 4681 annuntiabit
852 4606 953 4679 clero
972 4604 1155 4680 dioecesis
1173 4630 1400 4680 concursum
