3142 5242
158 459 202 546 v6
412 496 594 543 rrrunus
623 494 752 543 1.-r›n
782 494 886 541 rrna
914 493 1180 542 cnrnonren.

232 653 266 731 7.
302 652 507 728 Credimus
531 659 571 727 et
595 653 777 726 docemus
797 650 898 725 hanc
919 648 1210 743 revelationem,
1227 656 1415 750 tanquam

153 768 401 869 ,depositum
427 767 765 867 pretiosissimum,
798 764 1024 842 fidelissime
1055 765 1364 859 custodiendum,
1391 793 1416 842 a

182 886 335 961 Christo
361 884 531 959 Domino
555 882 806 959 commissum
831 882 952 958 fuisse
975 881 1179 980 Apostolis
1204 906 1417 982 eorumque

182 1000 484 1092 successoribus;
509 1001 579 1074 sed
602 998 833 1099 praesertim
858 997 981 1074 Beato
1010 997 1138 1090 Petro,
1155 998 1316 1098 ejusque
1332 1024 1416 1074 suc·

182 1116 323 1192 cessuri
365 1116 407 1192 in
449 1115 624 1216 primatu
660 1113 947 1213 jurisdictionis
988 1113 1031 1189 in
1073 1110 1299 1191 universam
1341 1114 1416 1190 Dei

182 1233 406 1326 Ecclesiam,
432 1232 588 1325 scilicet,
617 1231 796 1307 Romano
830 1229 1021 1325 Pontifici,
1048 1229 1116 1330 qui
1150 1232 1201 1306 ab
1234 1231 1417 1307 omnibus

182 1349 505 1425 Christifidelibus
522 1347 679 1448 agnosci
695 1348 811 1422 debet
825 1352 1013 1446 tanquam
1026 1372 1143 1423 verus
1157 1346 1303 1423 Christi
1320 1347 1418 1423 Jesu

182 1467 223 1541 in
256 1465 373 1541 terris
399 1463 592 1557 Vicarius,
625 1463 747 1540 totius
781 1463 977 1539 Ecclesiae
1012 1462 1168 1539 visibile
1202 1463 1342 1563 Caput,
1376 1472 1417 1540 et

182 1583 359 1658 omnium
376 1580 688 1656 Christianorum
706 1579 825 1655 Pater
842 1604 886 1654 ac
903 1579 1059 1655 Doctor.

230 1699 266 1774 8.
302 1697 506 1772 Credimus
535 1696 699 1796 proinde
724 1721 768 1771 ac
793 1698 974 1771 docemus
1000 1696 1130 1772 verbis
1159 1696 1257 1796 ipsis
1282 1696 1417 1774 defini·

180 1814 298 1890 tionis
331 1811 512 1889 Vaticani
546 1810 733 1887 Concilii:
779 1811 1029 1887 “Ecclesiam
1071 1812 1317 1906 Romanam,
1338 1814 1417 1890 dis·

181 1937 348 2029 ponente
366 1929 547 2023 Domino,
565 1953 684 2026 super
699 1952 834 2004 omnes
855 1927 955 2003 alias
976 1927 1197 2004 ordinariae
1213 1930 1418 2029 potestatis

181 2046 355 2121 obtinere
383 2035 660 2144 principatum,
685 2051 726 2120 et
750 2045 851 2120 hanc
877 2043 1047 2120 Romani
1073 2044 1273 2121 Pontificis
1296 2046 1417 2146 juris·

181 2161 360 2237 dictionis
393 2167 638 2260 potestatem,
668 2186 768 2260 quae
797 2186 889 2236 vere
917 2160 1150 2259 episcopalis
1179 2169 1249 2256 est,
1279 2161 1416 2238 imme·

181 2278 327 2354 diatam
353 2303 448 2370 esse,
467 2302 561 2375 erga
580 2303 699 2377 quarn
723 2277 999 2376 cujuscumque
1023 2277 1124 2353 ritus
1149 2285 1190 2353 et
1214 2279 1417 2378 dignitatis

179 2403 354 2494 pastores
378 2401 495 2492 atque
517 2394 662 2486 fideles,
679 2401 762 2469 tam
786 2417 961 2468 seorsum
985 2392 1132 2493 singuli
1155 2419 1274 2493 quam
1297 2395 1416 2471 simul

180 2536 326 2617 omnes,
369 2508 491 2584 officio
534 2508 793 2584 hierarchicae
839 2508 1182 2604 subordinationis,
1225 2537 1418 2613 veraeque

180 2625 421 2701 obedientiae
447 2624 755 2724 obstringuntur,
773 2649 852 2699 non
878 2625 1005 2699 solum
1030 2625 1072 2700 in
1096 2628 1225 2721 rebus,
1242 2654 1344 2728 quae
1365 2631 1418 2705 ad

179 2744 295 2818 fidem
319 2749 359 2816 et
381 2766 519 2832 mores,
537 2743 606 2815 sed
623 2740 742 2816 etiam
764 2740 806 2815 in
829 2741 890 2832 iis,
909 2767 1008 2840 quae
1032 2744 1083 2818 ad
1105 2743 1355 2842 disciplinam
1378 2756 1417 2821 et

179 2859 352 2957 regimen
380 2857 575 2932 Ecclesiae
598 2882 670 2956 per
692 2864 821 2932 toturn
847 2857 980 2932 orbem
1007 2858 1171 2934 diffusae
1195 2859 1416 2959 pertinent;

180 2975 235 3049 ita
264 2982 309 3049 ut
337 2972 529 3048 custodita
552 2998 642 3048 cum
670 2972 847 3048 Romano
874 2973 1061 3049 Pontifice
1090 2982 1174 3050 tam
1199 2978 1415 3053 communi·

180 3091 276 3181 onis,
307 3116 425 3188 quam
450 3090 624 3187 ejusdem
654 3088 745 3163 fidei
775 3089 1025 3188 professionis
1055 3092 1216 3184 unitate,
1244 3092 1417 3169 Ecclesia

180 3206 324 3281 Christi
342 3206 394 3280 sit
411 3231 512 3280 unus
528 3231 624 3304 grex
640 3206 714 3280 sub
730 3230 807 3279 uno
825 3205 986 3279 Summo
1005 3205 1178 3282 Pastore.
1231 3207 1341 3284 Haec
1357 3218 1417 3285 est

180 3321 399 3397 Catholicae
428 3321 605 3395 veritatis
635 3320 822 3413 doctrina,
853 3345 877 3393 a
907 3345 984 3419 que
1014 3321 1171 3398 deviare
1200 3325 1311 3398 salva
1340 3326 1417 3402 fide

179 3447 294 3538 atque
311 3439 437 3513 salute
454 3461 568 3511 nemo
586 3435 750 3535 potest.’'

227 3557 262 3630 9.
298 3554 501 3629 Credimus
531 3553 679 3652 pariter
706 3577 751 3627 ac
780 3555 987 3629 docemus:
1024 3561 1045 3597 “
1062 3554 1285 3632 Romanurn
1312 3558 1414 3634 Pon·

177 3671 330 3762 tificem,
354 3695 442 3744 curn
468 3695 515 3744 ex
539 3669 732 3744 Cathedra
756 3669 940 3767 loquitur,
963 3669 1006 3744 id
1030 3680 1100 3767 est,
1121 3696 1210 3746 cum
1237 3674 1414 3750 omnium

178 3786 488 3862 Christianorum
507 3785 679 3859 Pastoris
703 3792 743 3859 et
760 3785 939 3860 Doctoris
962 3811 1124 3862 munere
1146 3789 1323 3886 fungens,
1342 3816 1414 3889 pro

178 3929 361 4002 suprema
387 3928 458 3977 sua
485 3901 711 3999 Apostolica
745 3901 973 3977 auctoritate
1001 3902 1219 3978 doctrinam
1253 3907 1303 3981 de
1337 3909 1414 3982 fide

178 4023 239 4095 vol
263 4020 435 4095 moribus
461 4020 512 4092 ab
537 4017 720 4092 universa
743 4017 918 4093 Ecclesia
941 4020 1151 4094 tenendam
1177 4022 1325 4116 definit,
1343 4050 1415 4123 per

178 4136 437 4212 assistentiam
462 4134 637 4209 divinam
664 4133 739 4231 ipsi
766 4159 807 4208 rn
834 4135 945 4209 beato
964 4135 1081 4209 Petro
1103 4141 1351 4235 promissam,
1368 4167 1415 4217 ea

177 4251 456 4327 inlallibilitate
480 4251 638 4349 pollere,
656 4277 734 4348 qua
759 4250 917 4326 divinus
943 4251 1181 4350 Redemptor
1200 4254 1413 4331 Ecclesiam

177 4395 288 4443 sumn
311 4369 351 4441 in
374 4367 592 4442 definienda
609 4367 785 4440 doctrina
802 4369 850 4441 de
873 4369 949 4441 fide
966 4368 1029 4441 vel
1052 4371 1226 4445 moribus
1249 4371 1411 4446 instrue·

176 4496 258 4560 tarn
292 4510 376 4559 esse
408 4483 556 4572 voluit3
591 4482 755 4579 ideoque
789 4483 982 4580 ejusmodi
1014 4483 1182 4560 Romani
1213 4487 1412 4563 Pontificis

178 4603 417 4675 definitiones
447 4625 494 4673 er
524 4624 617 4690 sese,
650 4624 726 4671 non
757 4608 887 4673 autem
922 4624 969 4673 ex
999 4624 1187 4676 consensu
1218 4603 1413 4679 Ecclesiae

177 4717 474 4791 irrelormahiles
493 4715 611 4789 esse.''
