<?xml version="1.0" encoding="UTF-8"?>
<!DOCTYPE html PUBLIC "-//W3C//DTD XHTML 1.0 Transitional//EN"
    "http://www.w3.org/TR/xhtml1/DTD/xhtml1-transitional.dtd">
<html xmlns="http://www.w3.org/1999/xhtml" xml:lang="en" lang="en">
 <head>
  <title>
</title>
<meta http-equiv="Content-Type" content="text/html;charset=utf-8" />
  <meta name='ocr-system' content='tesseract 3.04.00' />
  <meta name='ocr-capabilities' content='ocr_page ocr_carea ocr_par ocr_line ocrx_word'/>
</head>
<body>
  <div class='ocr_page' id='page_1' title='image "./actaetdecretaco00gibbgoog_0409.png"; bbox 0 0 3142 5242; ppageno 0'>
   <div class='ocr_carea' id='block_1_1' title="bbox 222 455 960 520">
    <p class='ocr_par' dir='ltr' id='par_1_1' title="bbox 222 455 960 520">
     <span class='ocr_line' id='line_1_1' title="bbox 222 455 960 520; baseline 0.003 -2"><span class='ocrx_word' id='word_1_1' title='bbox 222 455 287 519; x_wconf 82' lang='lat'>292</span> <span class='ocrx_word' id='word_1_2' title='bbox 715 472 960 520; x_wconf 73' lang='lat' dir='ltr'>arraumx.</span> 
     </span>
    </p>
   </div>
   <div class='ocr_carea' id='block_1_2' title="bbox 263 626 1461 717">
    <p class='ocr_par' dir='ltr' id='par_1_2' title="bbox 263 626 1461 717">
     <span class='ocr_line' id='line_1_2' title="bbox 263 626 1461 717; baseline 0.003 -25"><span class='ocrx_word' id='word_1_3' title='bbox 263 645 339 695; x_wconf 79' lang='lat' dir='ltr'>m.</span> <span class='ocrx_word' id='word_1_4' title='bbox 366 626 409 693; x_wconf 95' lang='lat' dir='ltr'>In</span> <span class='ocrx_word' id='word_1_5' title='bbox 422 628 635 716; x_wconf 80' lang='lat' dir='ltr'>appellatione</span> <span class='ocrx_word' id='word_1_6' title='bbox 648 652 668 695; x_wconf 88' lang='lat' dir='ltr'>a</span> <span class='ocrx_word' id='word_1_7' title='bbox 681 629 838 695; x_wconf 84' lang='lat' dir='ltr'>sententia</span> <span class='ocrx_word' id='word_1_8' title='bbox 851 627 967 695; x_wconf 86' lang='lat' dir='ltr'>Curiae</span> <span class='ocrx_word' id='word_1_9' title='bbox 980 628 1167 717; x_wconf 87' lang='lat' dir='ltr'>episcopalis</span> <span class='ocrx_word' id='word_1_10' title='bbox 1179 627 1222 695; x_wconf 90' lang='lat' dir='ltr'>ad</span> <span class='ocrx_word' id='word_1_11' title='bbox 1236 628 1461 716; x_wconf 88' lang='lat' dir='ltr'>metropolita·</span> 
     </span>
    </p>
   </div>
   <div class='ocr_carea' id='block_1_3' title="bbox 210 732 1461 3395">
    <p class='ocr_par' dir='ltr' id='par_1_3' title="bbox 218 732 1461 925">
     <span class='ocr_line' id='line_1_3' title="bbox 220 732 1461 821; baseline 0.002 -24"><span class='ocrx_word' id='word_1_12' title='bbox 220 753 296 797; x_wconf 89' lang='lat' dir='ltr'>nam</span> <span class='ocrx_word' id='word_1_13' title='bbox 310 732 579 820; x_wconf 81' lang='lat' dir='ltr'>Arebiepismpus</span> <span class='ocrx_word' id='word_1_14' title='bbox 593 733 628 798; x_wconf 94' lang='lat' dir='ltr'>in</span> <span class='ocrx_word' id='word_1_15' title='bbox 642 756 736 799; x_wconf 86' lang='lat' dir='ltr'>causa</span> <span class='ocrx_word' id='word_1_16' title='bbox 749 732 1015 821; x_wconf 73' lang='lat' dir='ltr'>cognoscendam</span> <span class='ocrx_word' id='word_1_17' title='bbox 1028 732 1208 799; x_wconf 88' lang='lat' dir='ltr'>definienda</span> <span class='ocrx_word' id='word_1_18' title='bbox 1220 733 1335 799; x_wconf 82' lang='lat' dir='ltr'>eadem</span> <span class='ocrx_word' id='word_1_19' title='bbox 1349 756 1461 820; x_wconf 88' lang='lat' dir='ltr'>proce·</span> 
     </span>
     <span class='ocr_line' id='line_1_4' title="bbox 218 835 1235 925; baseline 0.003 -25"><span class='ocrx_word' id='word_1_20' title='bbox 218 835 315 900; x_wconf 91' lang='lat' dir='ltr'>dendi</span> <span class='ocrx_word' id='word_1_21' title='bbox 331 836 481 903; x_wconf 84' lang='lat' dir='ltr'>methodo</span> <span class='ocrx_word' id='word_1_22' title='bbox 496 848 613 920; x_wconf 87' lang='lat' dir='ltr'>utetur,</span> <span class='ocrx_word' id='word_1_23' title='bbox 628 837 758 925; x_wconf 88' lang='lat' dir='ltr'>quaein</span> <span class='ocrx_word' id='word_1_24' title='bbox 773 836 833 903; x_wconf 91' lang='lat' dir='ltr'>bac</span> <span class='ocrx_word' id='word_1_25' title='bbox 847 837 1054 903; x_wconf 87' lang='lat' dir='ltr'>instructione</span> <span class='ocrx_word' id='word_1_26' title='bbox 1067 837 1235 903; x_wconf 86' lang='lat' dir='ltr'>indicatur.</span> 
     </span>
    </p>

    <p class='ocr_par' dir='ltr' id='par_1_4' title="bbox 215 940 1461 1444">
     <span class='ocr_line' id='line_1_5' title="bbox 261 940 1460 1029; baseline 0.004 -25"><span class='ocrx_word' id='word_1_27' title='bbox 261 957 353 1006; x_wconf 77' lang='lat' dir='ltr'>xm.</span> <span class='ocrx_word' id='word_1_28' title='bbox 384 940 419 1006; x_wconf 85' lang='lat' dir='ltr'>si</span> <span class='ocrx_word' id='word_1_29' title='bbox 438 941 571 1007; x_wconf 90' lang='lat' dir='ltr'>clericus</span> <span class='ocrx_word' id='word_1_30' title='bbox 589 942 632 1009; x_wconf 96' lang='lat' dir='ltr'>ob</span> <span class='ocrx_word' id='word_1_31' title='bbox 645 964 828 1007; x_wconf 79' lang='lat' dir='ltr'>communes</span> <span class='ocrx_word' id='word_1_32' title='bbox 845 951 951 1007; x_wconf 78' lang='lat' dir='ltr'>reatus</span> <span class='ocrx_word' id='word_1_33' title='bbox 970 965 992 1007; x_wconf 88' lang='lat' dir='ltr'>a</span> <span class='ocrx_word' id='word_1_34' title='bbox 1011 941 1102 1007; x_wconf 83' lang='lat' dir='ltr'>civili</span> <span class='ocrx_word' id='word_1_35' title='bbox 1115 949 1268 1027; x_wconf 79' lang='lat' dir='ltr'>potestate</span> <span class='ocrx_word' id='word_1_36' title='bbox 1281 941 1460 1029; x_wconf 82' lang='lat' dir='ltr'>privilegio</span> 
     </span>
     <span class='ocr_line' id='line_1_6' title="bbox 218 1041 1461 1133; baseline 0.002 -25"><span class='ocrx_word' id='word_1_37' title='bbox 218 1041 281 1108; x_wconf 89' lang='lat' dir='ltr'>fori</span> <span class='ocrx_word' id='word_1_38' title='bbox 296 1067 361 1109; x_wconf 92' lang='lat' dir='ltr'>nou</span> <span class='ocrx_word' id='word_1_39' title='bbox 375 1044 520 1110; x_wconf 87' lang='lat' dir='ltr'>obstante</span> <span class='ocrx_word' id='word_1_40' title='bbox 538 1046 697 1133; x_wconf 83' lang='lat' dir='ltr'>processui</span> <span class='ocrx_word' id='word_1_41' title='bbox 711 1068 749 1111; x_wconf 89' lang='lat' dir='ltr'>ac</span> <span class='ocrx_word' id='word_1_42' title='bbox 763 1044 881 1110; x_wconf 81' lang='lat' dir='ltr'>iudicio</span> <span class='ocrx_word' id='word_1_43' title='bbox 894 1044 1090 1125; x_wconf 88' lang='lat' dir='ltr'>subiiciatur,</span> <span class='ocrx_word' id='word_1_44' title='bbox 1104 1043 1299 1110; x_wconf 85' lang='lat' dir='ltr'>Ordinarius</span> <span class='ocrx_word' id='word_1_45' title='bbox 1312 1068 1461 1110; x_wconf 90' lang='lat' dir='ltr'>summa-</span> 
     </span>
     <span class='ocr_line' id='line_1_7' title="bbox 218 1147 1460 1236; baseline 0.003 -25"><span class='ocrx_word' id='word_1_46' title='bbox 218 1147 299 1212; x_wconf 89' lang='lat' dir='ltr'>riam</span> <span class='ocrx_word' id='word_1_47' title='bbox 322 1147 576 1215; x_wconf 82' lang='lat' dir='ltr'>informationem</span> <span class='ocrx_word' id='word_1_48' title='bbox 600 1149 744 1214; x_wconf 86' lang='lat' dir='ltr'>criminis</span> <span class='ocrx_word' id='word_1_49' title='bbox 763 1150 907 1231; x_wconf 83' lang='lat' dir='ltr'>assumit,</span> <span class='ocrx_word' id='word_1_50' title='bbox 921 1172 958 1214; x_wconf 91' lang='lat' dir='ltr'>ao</span> <span class='ocrx_word' id='word_1_51' title='bbox 979 1148 1124 1236; x_wconf 82' lang='lat' dir='ltr'>inquirit,</span> <span class='ocrx_word' id='word_1_52' title='bbox 1141 1170 1221 1214; x_wconf 91' lang='lat' dir='ltr'>num</span> <span class='ocrx_word' id='word_1_53' title='bbox 1241 1147 1284 1213; x_wconf 87' lang='lat' dir='ltr'>ad</span> <span class='ocrx_word' id='word_1_54' title='bbox 1306 1171 1460 1215; x_wconf 88' lang='lat' dir='ltr'>normam</span> 
     </span>
     <span class='ocr_line' id='line_1_8' title="bbox 216 1251 1460 1341; baseline 0.002 -25"><span class='ocrx_word' id='word_1_55' title='bbox 216 1272 377 1317; x_wconf 88' lang='lat' dir='ltr'>sacrorum</span> <span class='ocrx_word' id='word_1_56' title='bbox 406 1276 565 1318; x_wconf 76' lang='lat' dir='ltr'>cationum</span> <span class='ocrx_word' id='word_1_57' title='bbox 593 1253 756 1336; x_wconf 81' lang='lat' dir='ltr'>infamiae,</span> <span class='ocrx_word' id='word_1_58' title='bbox 786 1252 1024 1341; x_wconf 84' lang='lat' dir='ltr'>irregularitati,</span> <span class='ocrx_word' id='word_1_59' title='bbox 1053 1251 1107 1318; x_wconf 82' lang='lat' dir='ltr'>vel</span> <span class='ocrx_word' id='word_1_60' title='bbox 1139 1251 1197 1317; x_wconf 91' lang='lat' dir='ltr'>alii</span> <span class='ocrx_word' id='word_1_61' title='bbox 1228 1251 1460 1319; x_wconf 73' lang='lat' dir='ltr'>ecclesiastieae</span> 
     </span>
     <span class='ocr_line' id='line_1_9' title="bbox 215 1355 696 1444; baseline 0.006 -24"><span class='ocrx_word' id='word_1_62' title='bbox 215 1355 372 1421; x_wconf 85' lang='lat' dir='ltr'>sanctioni</span> <span class='ocrx_word' id='word_1_63' title='bbox 393 1356 481 1422; x_wconf 86' lang='lat' dir='ltr'>locus</span> <span class='ocrx_word' id='word_1_64' title='bbox 501 1380 567 1423; x_wconf 87' lang='lat' dir='ltr'>esse</span> <span class='ocrx_word' id='word_1_65' title='bbox 587 1357 696 1444; x_wconf 85' lang='lat' dir='ltr'>possit.</span> 
     </span>
    </p>

    <p class='ocr_par' dir='ltr' id='par_1_5' title="bbox 214 1459 1461 1652">
     <span class='ocr_line' id='line_1_10' title="bbox 261 1459 1461 1550; baseline 0.003 -25"><span class='ocrx_word' id='word_1_66' title='bbox 261 1461 312 1526; x_wconf 87' lang='lat'>10.</span> <span class='ocrx_word' id='word_1_67' title='bbox 351 1460 513 1527; x_wconf 89' lang='lat' dir='ltr'>Pendente</span> <span class='ocrx_word' id='word_1_68' title='bbox 542 1461 661 1528; x_wconf 88' lang='lat' dir='ltr'>iudicio</span> <span class='ocrx_word' id='word_1_69' title='bbox 685 1462 739 1528; x_wconf 82' lang='lat' dir='ltr'>vel</span> <span class='ocrx_word' id='word_1_70' title='bbox 767 1461 927 1550; x_wconf 90' lang='lat' dir='ltr'>imputato</span> <span class='ocrx_word' id='word_1_71' title='bbox 952 1462 988 1527; x_wconf 92' lang='lat' dir='ltr'>in</span> <span class='ocrx_word' id='word_1_72' title='bbox 1012 1484 1134 1528; x_wconf 85' lang='lat' dir='ltr'>carcere</span> <span class='ocrx_word' id='word_1_73' title='bbox 1157 1459 1286 1527; x_wconf 91' lang='lat' dir='ltr'>detento</span> <span class='ocrx_word' id='word_1_74' title='bbox 1311 1460 1461 1548; x_wconf 85' lang='lat' dir='ltr'>prudens</span> 
     </span>
     <span class='ocr_line' id='line_1_11' title="bbox 214 1563 1457 1652; baseline 0.003 -23"><span class='ocrx_word' id='word_1_75' title='bbox 214 1563 383 1629; x_wconf 89' lang='lat' dir='ltr'>consilium</span> <span class='ocrx_word' id='word_1_76' title='bbox 398 1566 468 1649; x_wconf 88' lang='lat' dir='ltr'>erit,</span> <span class='ocrx_word' id='word_1_77' title='bbox 483 1574 521 1632; x_wconf 89' lang='lat' dir='ltr'>ut</span> <span class='ocrx_word' id='word_1_78' title='bbox 539 1565 732 1631; x_wconf 88' lang='lat' dir='ltr'>Ordinarius</span> <span class='ocrx_word' id='word_1_79' title='bbox 745 1566 961 1632; x_wconf 86' lang='lat' dir='ltr'>ordinat-iones</span> <span class='ocrx_word' id='word_1_80' title='bbox 980 1588 1065 1630; x_wconf 86' lang='lat' dir='ltr'>mere</span> <span class='ocrx_word' id='word_1_81' title='bbox 1083 1567 1279 1652; x_wconf 87' lang='lat' dir='ltr'>provisorias</span> <span class='ocrx_word' id='word_1_82' title='bbox 1290 1566 1457 1633; x_wconf 81' lang='lat' dir='ltr'>adhibeat.</span> 
     </span>
    </p>

    <p class='ocr_par' dir='ltr' id='par_1_6' title="bbox 214 1666 1460 1943">
     <span class='ocr_line' id='line_1_12' title="bbox 259 1666 1460 1757; baseline 0.002 -25"><span class='ocrx_word' id='word_1_83' title='bbox 259 1668 311 1734; x_wconf 81' lang='lat'>2⁰.</span> <span class='ocrx_word' id='word_1_84' title='bbox 335 1666 461 1735; x_wconf 86' lang='lat' dir='ltr'>Iudicio</span> <span class='ocrx_word' id='word_1_85' title='bbox 474 1669 620 1735; x_wconf 90' lang='lat' dir='ltr'>absoluto</span> <span class='ocrx_word' id='word_1_86' title='bbox 634 1669 662 1735; x_wconf 90' lang='lat' dir='ltr'>si</span> <span class='ocrx_word' id='word_1_87' title='bbox 677 1671 758 1735; x_wconf 90' lang='lat' dir='ltr'>liber</span> <span class='ocrx_word' id='word_1_88' title='bbox 771 1678 934 1735; x_wconf 86' lang='lat' dir='ltr'>accusatus</span> <span class='ocrx_word' id='word_1_89' title='bbox 947 1670 1137 1751; x_wconf 84' lang='lat' dir='ltr'>remittatur,</span> <span class='ocrx_word' id='word_1_90' title='bbox 1152 1669 1253 1736; x_wconf 86' lang='lat' dir='ltr'>Curia</span> <span class='ocrx_word' id='word_1_91' title='bbox 1265 1669 1460 1757; x_wconf 83' lang='lat' dir='ltr'>episcopalis</span> 
     </span>
     <span class='ocr_line' id='line_1_13' title="bbox 214 1768 1459 1860; baseline 0.002 -24"><span class='ocrx_word' id='word_1_92' title='bbox 214 1770 308 1837; x_wconf 87' lang='lat' dir='ltr'>iuxta</span> <span class='ocrx_word' id='word_1_93' title='bbox 326 1772 567 1838; x_wconf 88' lang='lat' dir='ltr'>informationes</span> <span class='ocrx_word' id='word_1_94' title='bbox 586 1781 624 1839; x_wconf 89' lang='lat' dir='ltr'>ut</span> <span class='ocrx_word' id='word_1_95' title='bbox 642 1795 739 1859; x_wconf 89' lang='lat' dir='ltr'>supra</span> <span class='ocrx_word' id='word_1_96' title='bbox 756 1783 935 1860; x_wconf 84' lang='lat' dir='ltr'>assumptas</span> <span class='ocrx_word' id='word_1_97' title='bbox 953 1794 990 1838; x_wconf 89' lang='lat' dir='ltr'>ea</span> <span class='ocrx_word' id='word_1_98' title='bbox 1008 1773 1130 1838; x_wconf 87' lang='lat' dir='ltr'>ratione</span> <span class='ocrx_word' id='word_1_99' title='bbox 1148 1771 1307 1858; x_wconf 76' lang='lat' dir='ltr'>procedet,</span> <span class='ocrx_word' id='word_1_100' title='bbox 1320 1768 1409 1859; x_wconf 86' lang='lat' dir='ltr'>quae</span> <span class='ocrx_word' id='word_1_101' title='bbox 1422 1775 1459 1839; x_wconf 92' lang='lat' dir='ltr'>in</span> 
     </span>
     <span class='ocr_line' id='line_1_14' title="bbox 214 1872 721 1943; baseline 0.006 -4"><span class='ocrx_word' id='word_1_102' title='bbox 214 1872 274 1940; x_wconf 88' lang='lat' dir='ltr'>bac</span> <span class='ocrx_word' id='word_1_103' title='bbox 287 1876 495 1942; x_wconf 84' lang='lat' dir='ltr'>instructione</span> <span class='ocrx_word' id='word_1_104' title='bbox 508 1877 721 1943; x_wconf 77' lang='lat' dir='ltr'>constituitur.</span> 
     </span>
    </p>

    <p class='ocr_par' dir='ltr' id='par_1_7' title="bbox 213 1978 1460 2255">
     <span class='ocr_line' id='line_1_15' title="bbox 257 1978 1459 2069; baseline 0.002 -26"><span class='ocrx_word' id='word_1_105' title='bbox 257 1997 363 2046; x_wconf 81' lang='lat' dir='ltr'>x1.111.</span> <span class='ocrx_word' id='word_1_106' title='bbox 394 1979 437 2044; x_wconf 93' lang='lat' dir='ltr'>In</span> <span class='ocrx_word' id='word_1_107' title='bbox 452 1980 576 2046; x_wconf 72' lang='lat' dir='ltr'>casibus</span> <span class='ocrx_word' id='word_1_108' title='bbox 589 1980 698 2046; x_wconf 90' lang='lat' dir='ltr'>dubiis</span> <span class='ocrx_word' id='word_1_109' title='bbox 711 1980 910 2069; x_wconf 84' lang='lat' dir='ltr'>diversisque</span> <span class='ocrx_word' id='word_1_110' title='bbox 930 1981 964 2045; x_wconf 94' lang='lat' dir='ltr'>in</span> <span class='ocrx_word' id='word_1_111' title='bbox 985 1981 1078 2068; x_wconf 88' lang='lat' dir='ltr'>praxi</span> <span class='ocrx_word' id='word_1_112' title='bbox 1092 1978 1339 2045; x_wconf 86' lang='lat' dir='ltr'>difficultatibus</span> <span class='ocrx_word' id='word_1_113' title='bbox 1354 1979 1459 2046; x_wconf 91' lang='lat' dir='ltr'>Ordi-</span> 
     </span>
     <span class='ocr_line' id='line_1_16' title="bbox 213 2083 1460 2172; baseline 0.002 -23"><span class='ocrx_word' id='word_1_114' title='bbox 213 2083 297 2149; x_wconf 90' lang='lat' dir='ltr'>narii</span> <span class='ocrx_word' id='word_1_115' title='bbox 326 2084 455 2149; x_wconf 85' lang='lat' dir='ltr'>Sacram</span> <span class='ocrx_word' id='word_1_116' title='bbox 484 2084 568 2150; x_wconf 89' lang='lat' dir='ltr'>hanc</span> <span class='ocrx_word' id='word_1_117' title='bbox 596 2084 883 2172; x_wconf 82' lang='lat' dir='ltr'>Congregationern</span> <span class='ocrx_word' id='word_1_118' title='bbox 908 2084 1085 2166; x_wconf 89' lang='lat' dir='ltr'>consulant,</span> <span class='ocrx_word' id='word_1_119' title='bbox 1111 2093 1148 2148; x_wconf 91' lang='lat' dir='ltr'>ut</span> <span class='ocrx_word' id='word_1_120' title='bbox 1172 2084 1396 2150; x_wconf 76' lang='lat' dir='ltr'>contentiones</span> <span class='ocrx_word' id='word_1_121' title='bbox 1421 2109 1460 2151; x_wconf 88' lang='lat' dir='ltr'>ac</span> 
     </span>
     <span class='ocr_line' id='line_1_17' title="bbox 213 2187 735 2255; baseline 0.006 -3"><span class='ocrx_word' id='word_1_122' title='bbox 213 2187 395 2253; x_wconf 85' lang='lat' dir='ltr'>nullitatem</span> <span class='ocrx_word' id='word_1_123' title='bbox 417 2198 561 2253; x_wconf 87' lang='lat' dir='ltr'>actorum</span> <span class='ocrx_word' id='word_1_124' title='bbox 582 2188 735 2255; x_wconf 82' lang='lat' dir='ltr'>devitent.</span> 
     </span>
    </p>

    <p class='ocr_par' dir='ltr' id='par_1_8' title="bbox 210 2291 1459 2898">
     <span class='ocr_line' id='line_1_18' title="bbox 255 2291 1459 2381; baseline 0.003 -25"><span class='ocrx_word' id='word_1_125' title='bbox 255 2308 358 2358; x_wconf 80' lang='lat' dir='ltr'>xmv.</span> <span class='ocrx_word' id='word_1_126' title='bbox 388 2291 490 2358; x_wconf 89' lang='lat' dir='ltr'>Haud</span> <span class='ocrx_word' id='word_1_127' title='bbox 512 2293 558 2357; x_wconf 88' lang='lat' dir='ltr'>ita</span> <span class='ocrx_word' id='word_1_128' title='bbox 579 2291 672 2357; x_wconf 82' lang='lat' dir='ltr'>facile</span> <span class='ocrx_word' id='word_1_129' title='bbox 693 2291 810 2358; x_wconf 85' lang='lat' dir='ltr'>Curiae</span> <span class='ocrx_word' id='word_1_130' title='bbox 831 2292 1021 2381; x_wconf 75' lang='lat' dir='ltr'>episcopales</span> <span class='ocrx_word' id='word_1_131' title='bbox 1035 2293 1077 2358; x_wconf 90' lang='lat' dir='ltr'>ad</span> <span class='ocrx_word' id='word_1_132' title='bbox 1090 2292 1208 2359; x_wconf 87' lang='lat' dir='ltr'>damna</span> <span class='ocrx_word' id='word_1_133' title='bbox 1221 2291 1276 2357; x_wconf 91' lang='lat' dir='ltr'>vel</span> <span class='ocrx_word' id='word_1_134' title='bbox 1297 2316 1459 2381; x_wconf 71' lang='lat' dir='ltr'>expensis</span> 
     </span>
     <span class='ocr_line' id='line_1_19' title="bbox 212 2395 1459 2483; baseline 0.003 -22"><span class='ocrx_word' id='word_1_135' title='bbox 212 2395 422 2461; x_wconf 76' lang='lat' dir='ltr'>resarciendas</span> <span class='ocrx_word' id='word_1_136' title='bbox 433 2395 578 2461; x_wconf 87' lang='lat' dir='ltr'>damnari</span> <span class='ocrx_word' id='word_1_137' title='bbox 593 2404 763 2481; x_wconf 90' lang='lat' dir='ltr'>poterunt;</span> <span class='ocrx_word' id='word_1_138' title='bbox 784 2397 908 2483; x_wconf 87' lang='lat' dir='ltr'>quoties</span> <span class='ocrx_word' id='word_1_139' title='bbox 922 2398 1008 2462; x_wconf 89' lang='lat' dir='ltr'>enim</span> <span class='ocrx_word' id='word_1_140' title='bbox 1022 2419 1065 2463; x_wconf 84' lang='lat' dir='ltr'>ex</span> <span class='ocrx_word' id='word_1_141' title='bbox 1077 2418 1225 2483; x_wconf 78' lang='lat' dir='ltr'>prooessu</span> <span class='ocrx_word' id='word_1_142' title='bbox 1240 2395 1459 2465; x_wconf 89' lang='lat' dir='ltr'>informativo</span> 
     </span>
     <span class='ocr_line' id='line_1_20' title="bbox 212 2498 1458 2588; baseline 0.004 -26"><span class='ocrx_word' id='word_1_143' title='bbox 212 2498 330 2565; x_wconf 87' lang='lat' dir='ltr'>indicia</span> <span class='ocrx_word' id='word_1_144' title='bbox 350 2499 538 2565; x_wconf 88' lang='lat' dir='ltr'>sufficientia</span> <span class='ocrx_word' id='word_1_145' title='bbox 558 2499 600 2565; x_wconf 89' lang='lat' dir='ltr'>ad</span> <span class='ocrx_word' id='word_1_146' title='bbox 621 2500 782 2587; x_wconf 89' lang='lat' dir='ltr'>agendum</span> <span class='ocrx_word' id='word_1_147' title='bbox 802 2511 913 2565; x_wconf 85' lang='lat' dir='ltr'>eontra</span> <span class='ocrx_word' id='word_1_148' title='bbox 933 2500 1123 2588; x_wconf 86' lang='lat' dir='ltr'>inquisitum</span> <span class='ocrx_word' id='word_1_149' title='bbox 1143 2510 1331 2588; x_wconf 73' lang='lat' dir='ltr'>appareant,</span> <span class='ocrx_word' id='word_1_150' title='bbox 1354 2501 1458 2567; x_wconf 86' lang='lat' dir='ltr'>iudex</span> 
     </span>
     <span class='ocr_line' id='line_1_21' title="bbox 210 2602 1458 2689; baseline 0.002 -22"><span class='ocrx_word' id='word_1_151' title='bbox 210 2602 434 2689; x_wconf 80' lang='lat' dir='ltr'>appellationis</span> <span class='ocrx_word' id='word_1_152' title='bbox 448 2626 468 2668; x_wconf 90' lang='lat' dir='ltr'>a</span> <span class='ocrx_word' id='word_1_153' title='bbox 480 2602 601 2668; x_wconf 84' lang='lat' dir='ltr'>talibus</span> <span class='ocrx_word' id='word_1_154' title='bbox 622 2603 881 2669; x_wconf 87' lang='lat' dir='ltr'>damnationibus</span> <span class='ocrx_word' id='word_1_155' title='bbox 900 2604 1155 2686; x_wconf 66' lang='lat' dir='ltr'>abstinentem</span> <span class='ocrx_word' id='word_1_156' title='bbox 1170 2626 1207 2668; x_wconf 90' lang='lat' dir='ltr'>ea</span> <span class='ocrx_word' id='word_1_157' title='bbox 1220 2603 1343 2670; x_wconf 88' lang='lat' dir='ltr'>indicia</span> <span class='ocrx_word' id='word_1_158' title='bbox 1362 2605 1458 2670; x_wconf 89' lang='lat' dir='ltr'>suffi-</span> 
     </span>
     <span class='ocr_line' id='line_1_22' title="bbox 211 2705 1459 2794; baseline 0.005 -24"><span class='ocrx_word' id='word_1_159' title='bbox 211 2705 296 2770; x_wconf 91' lang='lat' dir='ltr'>ciant</span> <span class='ocrx_word' id='word_1_160' title='bbox 317 2716 355 2771; x_wconf 89' lang='lat' dir='ltr'>ut</span> <span class='ocrx_word' id='word_1_161' title='bbox 376 2707 410 2770; x_wconf 94' lang='lat' dir='ltr'>in</span> <span class='ocrx_word' id='word_1_162' title='bbox 434 2707 546 2789; x_wconf 87' lang='lat' dir='ltr'>iudice,</span> <span class='ocrx_word' id='word_1_163' title='bbox 561 2708 618 2793; x_wconf 89' lang='lat' dir='ltr'>qui</span> <span class='ocrx_word' id='word_1_164' title='bbox 640 2718 733 2772; x_wconf 88' lang='lat' dir='ltr'>antea</span> <span class='ocrx_word' id='word_1_165' title='bbox 753 2708 914 2793; x_wconf 75' lang='lat' dir='ltr'>prooessit,</span> <span class='ocrx_word' id='word_1_166' title='bbox 929 2730 966 2772; x_wconf 85' lang='lat' dir='ltr'>ea</span> <span class='ocrx_word' id='word_1_167' title='bbox 986 2730 1064 2772; x_wconf 79' lang='lat' dir='ltr'>vera</span> <span class='ocrx_word' id='word_1_168' title='bbox 1084 2716 1116 2772; x_wconf 91' lang='lat' dir='ltr'>et</span> <span class='ocrx_word' id='word_1_169' title='bbox 1136 2708 1267 2794; x_wconf 85' lang='lat' dir='ltr'>propria</span> <span class='ocrx_word' id='word_1_170' title='bbox 1289 2708 1459 2776; x_wconf 80' lang='lat' dir='ltr'>calumnia</span> 
     </span>
     <span class='ocr_line' id='line_1_23' title="bbox 210 2809 1214 2898; baseline 0.003 -24"><span class='ocrx_word' id='word_1_171' title='bbox 210 2809 409 2892; x_wconf 81' lang='lat' dir='ltr'>excludatur,</span> <span class='ocrx_word' id='word_1_172' title='bbox 425 2834 506 2897; x_wconf 89' lang='lat' dir='ltr'>quae</span> <span class='ocrx_word' id='word_1_173' title='bbox 520 2811 561 2875; x_wconf 93' lang='lat' dir='ltr'>ad</span> <span class='ocrx_word' id='word_1_174' title='bbox 577 2811 762 2875; x_wconf 84' lang='lat' dir='ltr'>huiusmodi</span> <span class='ocrx_word' id='word_1_175' title='bbox 777 2810 1014 2876; x_wconf 87' lang='lat' dir='ltr'>damnationem</span> <span class='ocrx_word' id='word_1_176' title='bbox 1030 2812 1214 2898; x_wconf 88' lang='lat' dir='ltr'>requiritur.</span> 
     </span>
    </p>

    <p class='ocr_par' dir='ltr' id='par_1_9' title="bbox 210 2915 1459 3395">
     <span class='ocr_line' id='line_1_24' title="bbox 254 2915 1458 3004; baseline 0.006 -26"><span class='ocrx_word' id='word_1_177' title='bbox 254 2932 341 2979; x_wconf 79' lang='lat' dir='ltr'>xnv.</span> <span class='ocrx_word' id='word_1_178' title='bbox 373 2915 512 2980; x_wconf 73' lang='lat' dir='ltr'>Consilii</span> <span class='ocrx_word' id='word_1_179' title='bbox 542 2915 684 2979; x_wconf 83' lang='lat' dir='ltr'>Plenarii</span> <span class='ocrx_word' id='word_1_180' title='bbox 714 2915 956 2980; x_wconf 89' lang='lat' dir='ltr'>Baltimoreusis</span> <span class='ocrx_word' id='word_1_181' title='bbox 979 2915 1031 2982; x_wconf 89' lang='lat' dir='ltr'>Il.</span> <span class='ocrx_word' id='word_1_182' title='bbox 1053 2915 1177 2981; x_wconf 86' lang='lat' dir='ltr'>decreta</span> <span class='ocrx_word' id='word_1_183' title='bbox 1197 2939 1230 2983; x_wconf 92' lang='lat' dir='ltr'>u.</span> <span class='ocrx_word' id='word_1_184' title='bbox 1257 2919 1323 2983; x_wconf 84' lang='lat'>125</span> <span class='ocrx_word' id='word_1_185' title='bbox 1344 2919 1458 3004; x_wconf 87' lang='lat' dir='ltr'>quoad</span> 
     </span>
     <span class='ocr_line' id='line_1_25' title="bbox 211 3019 1458 3105; baseline 0.006 -24"><span class='ocrx_word' id='word_1_186' title='bbox 211 3027 357 3082; x_wconf 89' lang='lat' dir='ltr'>naturam</span> <span class='ocrx_word' id='word_1_187' title='bbox 373 3020 570 3102; x_wconf 80' lang='lat' dir='ltr'>missionum,</span> <span class='ocrx_word' id='word_1_188' title='bbox 582 3028 614 3083; x_wconf 89' lang='lat' dir='ltr'>et</span> <span class='ocrx_word' id='word_1_189' title='bbox 628 3042 683 3084; x_wconf 93' lang='lat' dir='ltr'>nn.</span> <span class='ocrx_word' id='word_1_190' title='bbox 701 3020 752 3101; x_wconf 87' lang='grc'>77,</span> <span class='ocrx_word' id='word_1_191' title='bbox 767 3023 828 3084; x_wconf 90' lang='grc'>108</span> <span class='ocrx_word' id='word_1_192' title='bbox 840 3019 947 3105; x_wconf 88' lang='lat' dir='ltr'>quoad</span> <span class='ocrx_word' id='word_1_193' title='bbox 959 3019 1109 3084; x_wconf 88' lang='lat' dir='ltr'>iuridieos</span> <span class='ocrx_word' id='word_1_194' title='bbox 1120 3019 1250 3084; x_wconf 83' lang='lat' dir='ltr'>effectus</span> <span class='ocrx_word' id='word_1_195' title='bbox 1264 3023 1458 3089; x_wconf 80' lang='lat' dir='ltr'>remotionis</span> 
     </span>
     <span class='ocr_line' id='line_1_26' title="bbox 211 3121 1459 3205; baseline 0.005 -20"><span class='ocrx_word' id='word_1_196' title='bbox 211 3121 480 3186; x_wconf 69' lang='lat' dir='ltr'>misionariormn</span> <span class='ocrx_word' id='word_1_197' title='bbox 503 3123 545 3187; x_wconf 90' lang='lat' dir='ltr'>ab</span> <span class='ocrx_word' id='word_1_198' title='bbox 566 3121 679 3205; x_wconf 88' lang='lat' dir='ltr'>officio,</span> <span class='ocrx_word' id='word_1_199' title='bbox 695 3122 879 3187; x_wconf 84' lang='lat' dir='ltr'>nullatenus</span> <span class='ocrx_word' id='word_1_200' title='bbox 899 3123 1053 3188; x_wconf 82' lang='lat' dir='ltr'>innovata</span> <span class='ocrx_word' id='word_1_201' title='bbox 1073 3146 1127 3187; x_wconf 83' lang='lat' dir='ltr'>seu</span> <span class='ocrx_word' id='word_1_202' title='bbox 1151 3122 1315 3189; x_wconf 87' lang='lat' dir='ltr'>infirmata</span> <span class='ocrx_word' id='word_1_203' title='bbox 1331 3126 1459 3191; x_wconf 88' lang='lat' dir='ltr'>iutelli-</span> 
     </span>
     <span class='ocr_line' id='line_1_27' title="bbox 210 3225 1459 3312; baseline 0.008 -25"><span class='ocrx_word' id='word_1_204' title='bbox 210 3234 341 3311; x_wconf 87' lang='lat' dir='ltr'>guntur,</span> <span class='ocrx_word' id='word_1_205' title='bbox 356 3226 455 3290; x_wconf 81' lang='lat' dir='ltr'>salvis</span> <span class='ocrx_word' id='word_1_206' title='bbox 477 3227 517 3290; x_wconf 88' lang='lat' dir='ltr'>iis</span> <span class='ocrx_word' id='word_1_207' title='bbox 539 3249 618 3312; x_wconf 90' lang='lat' dir='ltr'>quae</span> <span class='ocrx_word' id='word_1_208' title='bbox 640 3227 796 3291; x_wconf 87' lang='lat' dir='ltr'>recentius</span> <span class='ocrx_word' id='word_1_209' title='bbox 810 3225 850 3290; x_wconf 89' lang='lat' dir='ltr'>de</span> <span class='ocrx_word' id='word_1_210' title='bbox 864 3226 1010 3312; x_wconf 85' lang='lat' dir='ltr'>parochis</span> <span class='ocrx_word' id='word_1_211' title='bbox 1024 3248 1079 3291; x_wconf 87' lang='lat' dir='ltr'>seu</span> <span class='ocrx_word' id='word_1_212' title='bbox 1095 3227 1271 3291; x_wconf 87' lang='lat' dir='ltr'>rectoribus</span> <span class='ocrx_word' id='word_1_213' title='bbox 1289 3226 1459 3297; x_wconf 87' lang='lat' dir='ltr'>inamovi·</span> 
     </span>
     <span class='ocr_line' id='line_1_28' title="bbox 210 3325 614 3395; baseline 0.005 -2"><span class='ocrx_word' id='word_1_214' title='bbox 210 3325 330 3393; x_wconf 89' lang='lat' dir='ltr'>bilibus</span> <span class='ocrx_word' id='word_1_215' title='bbox 344 3330 515 3393; x_wconf 79' lang='lat' dir='ltr'>constituta</span> <span class='ocrx_word' id='word_1_216' title='bbox 529 3340 614 3395; x_wconf 88' lang='lat' dir='ltr'>sunt.</span> 
     </span>
    </p>
   </div>
   <div class='ocr_carea' id='block_1_4' title="bbox 299 3630 1363 3826">
    <p class='ocr_par' dir='ltr' id='par_1_10' title="bbox 299 3630 1363 3826">
     <span class='ocr_line' id='line_1_29' title="bbox 299 3630 1363 3710; baseline 0.005 -5"><span class='ocrx_word' id='word_1_217' title='bbox 299 3630 540 3707; x_wconf 82' lang='lat' dir='ltr'>Iusnnuorm</span> <span class='ocrx_word' id='word_1_218' title='bbox 567 3634 605 3707; x_wconf 80' lang='lat' dir='ltr'>S.</span> <span class='ocrx_word' id='word_1_219' title='bbox 633 3633 988 3709; x_wconf 74' lang='lat' dir='ltr'>Concunon&#39;rrours</span> <span class='ocrx_word' id='word_1_220' title='bbox 1016 3656 1069 3709; x_wconf 85' lang='lat' dir='ltr'>nn</span> <span class='ocrx_word' id='word_1_221' title='bbox 1097 3634 1220 3709; x_wconf 77' lang='lat' dir='ltr'>Puor.</span> <span class='ocrx_word' id='word_1_222' title='bbox 1251 3635 1363 3710; x_wconf 83' lang='lat' dir='ltr'>an</span> 
     </span>
     <span class='ocr_line' id='line_1_30' title="bbox 439 3749 1220 3826; baseline 0.004 -5"><span class='ocrx_word' id='word_1_223' title='bbox 439 3768 492 3821; x_wconf 85' lang='lat' dir='ltr'>nn</span> <span class='ocrx_word' id='word_1_224' title='bbox 518 3749 799 3823; x_wconf 81' lang='lat' dir='ltr'>Coumssroun</span> <span class='ocrx_word' id='word_1_225' title='bbox 826 3750 1220 3826; x_wconf 78' lang='lat' dir='ltr'>Iuvnsrmamours*</span> 
     </span>
    </p>
   </div>
   <div class='ocr_carea' id='block_1_5' title="bbox 641 3915 1016 4004">
    <p class='ocr_par' dir='ltr' id='par_1_11' title="bbox 641 3915 1016 4004">
     <span class='ocr_line' id='line_1_31' title="bbox 641 3915 1016 4004; baseline 0.011 -25"><span class='ocrx_word' id='word_1_226' title='bbox 641 3915 713 4002; x_wconf 75' lang='lat' dir='ltr'>[Ad</span> <span class='ocrx_word' id='word_1_227' title='bbox 729 3940 765 4002; x_wconf 84' lang='lat' dir='ltr'>p.</span> <span class='ocrx_word' id='word_1_228' title='bbox 784 3919 856 3995; x_wconf 87' lang='grc'><strong>171,</strong></span> <span class='ocrx_word' id='word_1_229' title='bbox 875 3939 906 3980; x_wconf 85' lang='lat' dir='ltr'>u.</span> <span class='ocrx_word' id='word_1_230' title='bbox 925 3918 1016 4004; x_wconf 67' lang='grc'>298]</span> 
     </span>
    </p>
   </div>
   <div class='ocr_carea' id='block_1_6' title="bbox 210 4068 1460 4502">
    <p class='ocr_par' dir='ltr' id='par_1_12' title="bbox 210 4068 1460 4362">
     <span class='ocr_line' id='line_1_32' title="bbox 254 4068 1460 4159; baseline 0.007 -26"><span class='ocrx_word' id='word_1_231' title='bbox 254 4069 415 4148; x_wconf 83' lang='lat' dir='ltr'>Quamvis</span> <span class='ocrx_word' id='word_1_232' title='bbox 441 4068 622 4133; x_wconf 77' lang='lat' dir='ltr'>Concilium</span> <span class='ocrx_word' id='word_1_233' title='bbox 649 4069 836 4134; x_wconf 89' lang='lat' dir='ltr'>Plenarium</span> <span class='ocrx_word' id='word_1_234' title='bbox 863 4070 1094 4136; x_wconf 89' lang='lat' dir='ltr'>Baltimorensc</span> <span class='ocrx_word' id='word_1_235' title='bbox 1117 4071 1169 4139; x_wconf 92' lang='lat' dir='ltr'>II.</span> <span class='ocrx_word' id='word_1_236' title='bbox 1193 4072 1235 4137; x_wconf 90' lang='lat' dir='ltr'>ab</span> <span class='ocrx_word' id='word_1_237' title='bbox 1261 4073 1460 4159; x_wconf 78' lang='lat' dir='ltr'>Apostolioa</span> 
     </span>
     <span class='ocr_line' id='line_1_33' title="bbox 211 4170 1459 4260; baseline 0.006 -22"><span class='ocrx_word' id='word_1_238' title='bbox 211 4170 291 4238; x_wconf 85' lang='lat' dir='ltr'>Sede</span> <span class='ocrx_word' id='word_1_239' title='bbox 320 4173 526 4258; x_wconf 85' lang='lat' dir='ltr'>recognitum,</span> <span class='ocrx_word' id='word_1_240' title='bbox 553 4182 668 4236; x_wconf 86' lang='lat' dir='ltr'>certam</span> <span class='ocrx_word' id='word_1_241' title='bbox 698 4175 869 4260; x_wconf 86' lang='lat' dir='ltr'>quamdam</span> <span class='ocrx_word' id='word_1_242' title='bbox 900 4175 1009 4239; x_wconf 78' lang='lat' dir='ltr'>iudicii</span> <span class='ocrx_word' id='word_1_243' title='bbox 1040 4175 1187 4258; x_wconf 89' lang='lat' dir='ltr'>formam,</span> <span class='ocrx_word' id='word_1_244' title='bbox 1214 4177 1279 4240; x_wconf 88' lang='lat' dir='ltr'>iarn</span> <span class='ocrx_word' id='word_1_245' title='bbox 1309 4190 1409 4245; x_wconf 86' lang='lat' dir='ltr'>antea</span> <span class='ocrx_word' id='word_1_246' title='bbox 1437 4204 1459 4245; x_wconf 88' lang='lat' dir='ltr'>a</span> 
     </span>
     <span class='ocr_line' id='line_1_34' title="bbox 210 4275 1458 4362; baseline 0.005 -21"><span class='ocrx_word' id='word_1_247' title='bbox 210 4277 343 4341; x_wconf 89' lang='lat' dir='ltr'>concilio</span> <span class='ocrx_word' id='word_1_248' title='bbox 358 4276 547 4362; x_wconf 85' lang='lat' dir='ltr'>provinciali</span> <span class='ocrx_word' id='word_1_249' title='bbox 568 4275 600 4341; x_wconf 81' lang='lat' dir='ltr'>S.</span> <span class='ocrx_word' id='word_1_250' title='bbox 618 4276 780 4342; x_wconf 80' lang='lat' dir='ltr'>Ludovici</span> <span class='ocrx_word' id='word_1_251' title='bbox 796 4279 960 4361; x_wconf 85' lang='lat' dir='ltr'>sancitam,</span> <span class='ocrx_word' id='word_1_252' title='bbox 976 4278 1010 4342; x_wconf 88' lang='lat' dir='ltr'>iu</span> <span class='ocrx_word' id='word_1_253' title='bbox 1024 4279 1245 4345; x_wconf 87' lang='lat' dir='ltr'>criminalibus</span> <span class='ocrx_word' id='word_1_254' title='bbox 1262 4280 1458 4348; x_wconf 85' lang='lat' dir='ltr'>elericorum</span> 
     </span>
    </p>

    <p class='ocr_par' dir='ltr' id='par_1_13' title="bbox 244 4429 1458 4502">
     <span class='ocr_line' id='line_1_35' title="bbox 244 4429 1458 4502; baseline 0.008 -22"><span class='ocrx_word' id='word_1_255' title='bbox 244 4429 311 4480; x_wconf 75' lang='lat' dir='ltr'>*En</span> <span class='ocrx_word' id='word_1_256' title='bbox 330 4431 413 4482; x_wconf 71' lang='lat' dir='ltr'>titides</span> <span class='ocrx_word' id='word_1_257' title='bbox 429 4430 533 4498; x_wconf 70' lang='lat' dir='ltr'>plenia:</span> <span class='ocrx_word' id='word_1_258' title='bbox 562 4429 603 4481; x_wconf 87' lang='lat' dir='ltr'>De</span> <span class='ocrx_word' id='word_1_259' title='bbox 625 4429 703 4481; x_wconf 92' lang='lat' dir='ltr'>modo</span> <span class='ocrx_word' id='word_1_260' title='bbox 730 4430 858 4483; x_wconf 84' lang='lat' dir='ltr'>servando</span> <span class='ocrx_word' id='word_1_261' title='bbox 883 4431 917 4483; x_wconf 88' lang='lat' dir='ltr'>ab</span> <span class='ocrx_word' id='word_1_262' title='bbox 943 4432 1080 4499; x_wconf 83' lang='lat' dir='ltr'>Episcopis</span> <span class='ocrx_word' id='word_1_263' title='bbox 1105 4432 1313 4485; x_wconf 85' lang='lat' dir='ltr'>Foederatorum</span> <span class='ocrx_word' id='word_1_264' title='bbox 1341 4434 1458 4502; x_wconf 82' lang='lat' dir='ltr'>Septen·</span> 
     </span>
    </p>
   </div>
   <div class='ocr_carea' id='block_1_7' title="bbox 211 4511 1458 4662">
    <p class='ocr_par' dir='ltr' id='par_1_14' title="bbox 211 4511 1458 4662">
     <span class='ocr_line' id='line_1_36' title="bbox 211 4511 1458 4580; baseline 0.007 -18"><span class='ocrx_word' id='word_1_265' title='bbox 211 4511 332 4564; x_wconf 85' lang='lat' dir='ltr'>trionalis</span> <span class='ocrx_word' id='word_1_266' title='bbox 349 4513 487 4564; x_wconf 80' lang='lat' dir='ltr'>Amerieae</span> <span class='ocrx_word' id='word_1_267' title='bbox 505 4514 626 4564; x_wconf 80' lang='lat' dir='ltr'>Statuam</span> <span class='ocrx_word' id='word_1_268' title='bbox 645 4512 675 4564; x_wconf 91' lang='lat' dir='ltr'>in</span> <span class='ocrx_word' id='word_1_269' title='bbox 692 4514 875 4580; x_wconf 82' lang='lat' dir='ltr'>cognoscendis</span> <span class='ocrx_word' id='word_1_270' title='bbox 894 4523 921 4567; x_wconf 90' lang='lat' dir='ltr'>et</span> <span class='ocrx_word' id='word_1_271' title='bbox 939 4514 1097 4568; x_wconf 87' lang='lat' dir='ltr'>definiendis</span> <span class='ocrx_word' id='word_1_272' title='bbox 1115 4517 1201 4569; x_wconf 84' lang='lat' dir='ltr'>causis</span> <span class='ocrx_word' id='word_1_273' title='bbox 1219 4517 1411 4571; x_wconf 85' lang='lat' dir='ltr'>criminalibus</span> <span class='ocrx_word' id='word_1_274' title='bbox 1427 4525 1458 4572; x_wconf 83' lang='lat' dir='ltr'>et</span> 
     </span>
     <span class='ocr_line' id='line_1_37' title="bbox 211 4593 612 4662; baseline 0.007 -17"><span class='ocrx_word' id='word_1_275' title='bbox 211 4593 426 4662; x_wconf 84' lang='lat' dir='ltr'>disciplinaribus</span> <span class='ocrx_word' id='word_1_276' title='bbox 441 4596 612 4648; x_wconf 77' lang='lat' dir='ltr'>Clerimrum.</span> 
     </span>
    </p>
   </div>
   <div class='ocr_carea' id='block_1_8' title="bbox 0 0 1576 5242">
    <p class='ocr_par' dir='ltr' id='par_1_15' title="bbox 0 0 1576 5242">
     <span class='ocr_line' id='line_1_38' title="bbox 0 0 1576 5242; baseline 0 4"><span class='ocrx_word' id='word_1_277' title='bbox 0 0 1576 5242; x_wconf 95' lang='lat' dir='ltr'> </span> 
     </span>
    </p>
   </div>
  </div>
 </body>
</html>
