3142 5242
479 440 535 503 DE
564 459 801 505 PUERORUM
826 459 1100 506 SEMINARIIS.
1367 442 1408 507 75

174 605 365 681 admoniti
393 608 442 681 ad
468 607 668 681 meliorem
696 608 845 704 frugem
868 632 908 681 se
933 632 1009 681 non
1036 607 1236 705 recipiant,
1256 633 1276 682 e
1294 607 1406 682 semi·

174 722 284 797 nario
304 722 561 797 dimittantur.

226 841 310 914 145.
338 841 404 915 Ad
421 839 638 915 studiorum
657 839 848 914 rationem
865 847 910 916 ut
921 840 1007 939 jam
1024 844 1190 939 gradum
1208 840 1407 934 faciamus,

172 955 215 1031 in
242 956 423 1032 omnibus
449 981 659 1055 puerorum
684 955 903 1031 seminariis
929 982 1028 1054 quae
1053 957 1171 1032 etiarn
1197 957 1327 1032 Parva
1343 957 1407 1031 vel

173 1072 472 1171 Praeparatoria
489 1079 686 1166 vocantur,
706 1072 924 1148 studiorum
950 1099 1085 1148 cursus
1111 1099 1188 1149 non
1206 1073 1407 1173 pauciores

172 1214 290 1288 quam
309 1214 376 1264 sex
394 1215 516 1264 annos
533 1190 817 1288 complectetur.

224 1308 309 1381 146.
345 1306 455 1381 Inter
480 1332 526 1381 ea
551 1332 649 1405 quae
679 1307 851 1381 docenda
881 1306 1049 1400 venient,
1075 1308 1248 1407 primum
1279 1309 1406 1383 locum

172 1422 322 1498 obtinet
338 1422 537 1522 religionis
555 1422 798 1517 Christianae
817 1422 1002 1516 doctrina,
1021 1449 1119 1523 quae
1143 1423 1338 1522 gradatim
1363 1423 1406 1499 in

172 1540 352 1614 omnibus
382 1539 569 1615 classibus
599 1565 670 1638 pro
697 1547 822 1614 aetate
848 1546 888 1614 et
916 1548 1033 1637 captu
1061 1539 1208 1638 ingenii
1239 1539 1405 1638 discipu·

171 1655 300 1731 lorum
319 1663 494 1732 accurate
509 1657 700 1731 tradenda
716 1655 801 1749 erit,
819 1658 915 1731 adeo
935 1663 978 1730 ut
994 1656 1254 1755 provectiores
1279 1664 1407 1733 aetate

171 1778 211 1847 et
236 1772 377 1848 studiis
404 1772 635 1872 penitiorem
662 1771 921 1872 cognitionem
948 1774 996 1848 de
1023 1772 1114 1848 fidei
1140 1772 1406 1848 fundamentis

170 1888 373 1987 acquirant
390 1897 505 1988 atque
522 1895 656 1964 contra
672 1913 821 1964 errores
839 1890 1022 1964 adversos
1040 1889 1278 1964 muniantur.

222 2005 308 2082 147.
336 2006 431 2081 Post
447 2005 662 2081 doctrinam
678 2003 940 2080 Christianam
954 2004 1161 2105 praecipua
1174 2030 1266 2080 cura
1282 2006 1403 2082 tribu·

170 2130 259 2197 atur
289 2122 513 2221 linguarum
547 2123 688 2198 studio.
741 2121 935 2221 Linguam
966 2122 1174 2221 Anglicam
1207 2122 1404 2221 imprimis

169 2237 226 2314 ita
251 2239 458 2338 diligenter
483 2239 695 2333 addiscant,
721 2246 764 2314 ut
789 2264 835 2314 ea
858 2246 970 2330 recte,
989 2239 1100 2314 facilc
1126 2265 1169 2314 ac
1195 2239 1403 2337 eleganter,

169 2354 253 2431 sive
270 2354 436 2430 oresive
453 2355 596 2454 scripto
614 2354 672 2430 uti
689 2356 857 2430 valeant.
909 2357 975 2430 Ad
1001 2355 1104 2430 hunc
1128 2357 1245 2430 linem
1267 2355 1401 2430 sedulo
1466 2364 1491 2405 ·'

169 2479 416 2548 exerceantur
450 2471 601 2547 alumni
642 2470 684 2546 in
727 2472 939 2564 scribendo,
975 2472 1128 2569 publice
1166 2472 1329 2571 legendo
1363 2479 1404 2548 et

168 2588 377 2664 recitando.
430 2587 636 2664 Praeterea
652 2614 699 2664 ex
716 2588 804 2663 aliis
825 2587 971 2686 linguis
988 2588 1265 2664 recentioribus
1283 2614 1401 2664 unus·

168 2705 331 2805 quisque
348 2730 468 2781 unam
485 2705 626 2780 saltem
642 2705 755 2798 colat,
773 2704 856 2780 sive
875 2704 1158 2791 Germanicam,
1177 2705 1260 2780 sive
1278 2704 1401 2780 Galli·

166 2846 265 2915 cam,
300 2827 369 2897 aut
402 2820 628 2896 Polonicam
670 2821 838 2896 aliamve
880 2846 902 2896 e
944 2820 1107 2896 Slavicis
1146 2820 1302 2919 linguis,
1338 2822 1401 2897 vel

168 2937 359 3031 Italicam,
386 2936 702 3038 Hispanicamve,
728 2945 847 3037 prout
872 2937 1088 3037 Episcopus
1119 2963 1189 3036 pro
1218 2938 1402 3014 dioecesis

166 3054 394 3131 necessitate
418 3054 667 3131 ordinaverit.
720 3054 896 3153 Linguae
921 3053 1085 3129 Latinae
1115 3060 1245 3129 autem
1271 3053 1401 3130 studio

165 3171 403 3272 peculiarem
427 3171 658 3269 impendant
682 3170 908 3264 sollertiam,
926 3172 1022 3246 adeo
1049 3178 1093 3245 ut
1117 3179 1230 3263 recte,
1249 3178 1403 3269 puroet

164 3290 371 3364 emendate
395 3289 561 3364 scribere
586 3313 630 3363 ac
654 3287 773 3363 etiarn
798 3287 905 3387 loqui
922 3288 1089 3363 valeant.
1141 3288 1208 3363 Ad
1233 3287 1275 3362 id
1300 3311 1400 3366 asse·
1494 3362 1504 3390 t

165 3407 366 3505 quendum
396 3430 494 3504 opus
523 3404 599 3481 erit
632 3411 677 3480 ut
709 3403 859 3480 alumni
894 3403 1049 3479 assidue
1078 3413 1328 3480 exerceantur
1357 3403 1400 3479 in

164 3522 446 3614 transferendo,
473 3546 550 3597 non
581 3522 709 3597 solum
739 3546 787 3597 ex
816 3519 938 3595 latino
968 3519 1010 3594 in
1041 3521 1305 3614 vernaculum,
1332 3522 1400 3595 sed

165 3637 285 3713 etiam
311 3644 351 3712 et
374 3639 544 3714 multum
570 3637 740 3736 quidem,
758 3644 843 3714 tum
869 3662 936 3712 ore
961 3645 1045 3712 tum
1072 3637 1226 3735 scripto,
1245 3663 1292 3714 ex
1316 3661 1400 3712 ver·

165 3755 304 3831 naculo
328 3753 372 3830 in
397 3754 586 3848 latinum3
613 3755 685 3830 hac
702 3753 807 3829 enim
830 3753 982 3828 ratione
1005 3778 1078 3828 usu
1100 3753 1176 3829 sibi
1202 3779 1400 3852 compara·

165 3871 265 3947 bunt
297 3869 340 3945 in
371 3870 613 3969 applicandis
647 3870 793 3968 regulis
827 3869 1103 3968 grammaticae
1137 3870 1332 3968 peritiam,
1362 3877 1402 3946 et

164 3987 438 4086 aliquantenus
463 3986 623 4086 propria
648 3986 806 4086 linguae
832 3985 977 4061 latinae
1007 3984 1139 4062 indole
1163 3986 1399 4062 imbuentur.

165 4103 339 4202 Singulis
358 4104 475 4179 etiam
494 4103 630 4178 diebus
653 4103 789 4178 breves
807 4109 937 4201 partes
954 4103 1018 4177 vel
1041 4127 1183 4200 paucos
1201 4127 1336 4177 versus
1353 4127 1402 4178 ex

165 4221 387 4297 auctoribus
405 4219 669 4295 ecclesiasticis
695 4226 764 4294 aut
789 4218 962 4318 profanis
986 4218 1238 4317 scriptoribus
1256 4243 1402 4293 memo·

165 4338 261 4436 riter
279 4337 462 4428 ediscant,
481 4361 525 4411 eo
544 4342 587 4410 ut
603 4335 725 4434 latine
742 4337 909 4434 quadam
936 4333 1122 4410 facilitate
1146 4335 1339 4409 scribendi
1362 4341 1402 4410 et

165 4453 351 4553 loquendi
376 4459 572 4551 compotes
598 4453 703 4526 fiant.
756 4451 856 4526 Prae
882 4450 1003 4526 oculis
1029 4450 1198 4526 habeant
1223 4451 1401 4549 magistri

165 4570 271 4669 quod
306 4568 490 4644 Summus
525 4567 707 4643 Pontifex
741 4567 836 4642 Pius
867 4567 942 4644 IX.
973 4567 999 4643 f.
1030 4591 1082 4642 m.
1114 4591 1295 4666 supremo
1330 4591 1401 4642 suo
