3142 5242
373 483 376 489 .
408 443 463 490 or:
491 445 841 493 concurreramus
869 447 1172 494 ruaouoorors.
1365 430 1406 492 97

172 595 365 696 Pontifex,
397 607 487 698 apte
517 608 736 700 congruunt
763 602 1094 702 praedicatoribus
1125 601 1191 701 qui
1226 601 1337 676 libris
1368 608 1407 676 et

171 716 472 792 considerationi
490 717 724 794 valedicunt.

222 833 304 908 190.
334 833 432 908 Cum
450 859 542 909 vero
560 834 744 934 Episcopi
762 836 968 934 invigilare
985 844 1202 928 teneantur,
1217 860 1265 910 ne
1282 859 1403 909 sacer·
1455 893 1456 896 ,

170 950 307 1024 dotum
333 975 492 1026 suorum
518 950 715 1049 imperitia
740 954 908 1051 populus
934 953 1009 1028 sibi
1035 951 1262 1028 commissus
1287 949 1403 1025 detri-

170 1074 347 1141 mentum
382 1067 565 1165 patiatur,
597 1074 641 1142 ut
673 1076 783 1144 tanto
816 1069 921 1143 malo
955 1069 1084 1145 aditus
1119 1068 1402 1167 praecludatur,

169 1182 351 1257 volumus
378 1191 417 1259 et
442 1185 639 1278 edicimus,
664 1193 707 1260 ut
733 1185 930 1261 Ordinarii
957 1186 1165 1262 instituant
1186 1186 1402 1284 perficiant·

170 1324 244 1398 que
270 1300 517 1395 Collationcs,
541 1326 610 1376 seu
634 1308 764 1377 coetus
794 1304 842 1377 de
867 1304 983 1378 rebus
1008 1301 1246 1402 theologicis,
1272 1309 1403 1401 “quae

169 1415 352 1492 scientiae
372 1442 503 1492 sacrae
522 1417 747 1493 rudimenta
767 1419 811 1495 in
834 1419 1010 1495 omnium
1034 1418 1230 1494 mentibus
1250 1443 1401 1493 conser-

168 1538 272 1625 vent,
290 1534 444 1631 praxim
472 1551 608 1609 sanam
632 1560 677 1610 ac
698 1535 932 1610 uniformem
956 1561 1027 1635 pro
1044 1535 1265 1610 animarum
1283 1533 1401 1609 direc·
1451 1616 1453 1620 μ

167 1647 273 1724 tione
316 1657 583 1748 promoveant,
626 1650 845 1726 intellectus
887 1650 1070 1726 inertiam
1113 1650 1324 1749 depellant,
1359 1675 1403 1725 ac

168 1766 312 1840 abusus
338 1766 569 1841 eliminandi
595 1775 856 1867 opportunam
886 1769 1099 1866 praebeant
1128 1767 1401 1862 occasionem.”

171 1881 300 1978 (Cone.
328 1881 438 1957 Plen.
466 1882 568 1957 Balt.
596 1883 666 1976 IL,
693 1882 767 1958 No.
793 1886 870 1982 68.)

218 1999 302 2073 191.
338 1998 482 2074 Omnes
508 2002 736 2093 sacerdotes,
754 2000 837 2076 sive
859 2002 1074 2076 saeculares
1097 2000 1180 2075 sive
1204 1999 1402 2099 regulares

172 2115 253 2213 (cfr.
280 2139 400 2213 supra
430 2118 530 2191 decr.
557 2116 651 2213 88.)‚
677 2115 745 2216 qui
769 2143 902 2192 curam
927 2123 1071 2217 gerunt
1095 2117 1327 2209 animarum,
1354 2116 1402 2190 iis

166 2230 354 2306 adsistere
370 2239 587 2308 teneantur.
640 2232 778 2332 Neque
794 2243 993 2332 exemptos
1016 2259 1058 2308 se
1081 2258 1165 2308 esse
1181 2231 1403 2307 existiment

166 2347 401 2440 confessarii,
413 2349 480 2448 qui
493 2348 673 2447 quamvis
686 2360 813 2424 certae
826 2349 1006 2424 ecclesiae
1020 2374 1098 2423 non
1112 2349 1192 2423 sint
1204 2348 1401 2445 adscripti,

165 2463 423 2538 confessiones
439 2472 573 2539 tamen
590 2465 789 2563 excipiunt
810 2465 1082 2564 religiosarum
1105 2464 1340 2539 feminarum
1361 2464 1401 2537 in

165 2604 299 2655 earum
324 2580 515 2673 domibus,
534 2588 603 2655 aut
626 2581 814 2656 laicorum
838 2580 881 2654 in
904 2581 1073 2655 ecclesiis
1097 2579 1274 2678 publicis.
1326 2580 1402 2668 Qui

165 2695 311 2795 absque
336 2695 511 2793 legitimo
536 2695 816 2796 impedimento
840 2703 880 2772 et
906 2695 1102 2772 Ordinarii
1126 2695 1241 2771 venia
1267 2697 1401 2770 adesse

165 2810 320 2910 saepius
339 2812 590 2910 neglexerint,
608 2813 833 2911 puniantur.

218 2929 301 3004 192.
329 2929 407 3002 Pro
425 2929 647 3021 civitatibus
665 2932 716 3005 ad
733 2957 828 3029 quas
846 2931 969 3006 facilis
987 2937 1096 3029 patet
1113 2930 1252 3021 aditus,
1266 2936 1402 3027 quater

164 3045 304 3120 saltem
340 3045 382 3120 in
416 3071 529 3138 anno,
556 3046 596 3120 in
632 3047 872 3122 districtibus
897 3072 990 3122 vero
1024 3047 1232 3137 ruralibus,
1259 3046 1326 3120 ubi
1360 3045 1400 3120 in

164 3187 288 3236 unum
314 3163 442 3237 locum
468 3163 601 3238 venire
626 3163 821 3239 difficilius
847 3171 958 3256 esset,
982 3164 1043 3238 bis
1069 3163 1111 3237 in
1136 3188 1250 3255 anno,
1268 3163 1400 3259 hujus·
1478 3202 1480 3207 ·

164 3279 272 3353 modi
290 3279 514 3354 collationes
532 3280 810 3355 ecclesiasticae
827 3280 1064 3371 habeantur3
1091 3278 1336 3378 quaestiones
1353 3280 1401 3353 de

165 3394 286 3469 variis
304 3395 490 3471 doctrinis
514 3403 554 3471 et
576 3396 793 3495 disciplinis
816 3395 1093 3488 ecclesiasticis,
1111 3420 1211 3494 quae
1233 3394 1402 3470 maxime

165 3510 327 3585 idoneae
352 3518 445 3587 sunt
470 3515 520 3588 ad
545 3513 699 3611 praxim
724 3512 927 3612 regiminis
953 3512 1185 3603 animarum,
1207 3511 1401 3586 schemate

166 3651 320 3701 summa
337 3652 429 3703 cura
445 3627 683 3720 concinnato,
702 3628 909 3728 quotannis
925 3627 1028 3703 clero
1045 3634 1268 3726 proponant
1287 3626 1400 3725 Epis·

165 3743 263 3841 copi.
315 3743 435 3820 Casus
461 3744 716 3820 conscientiae
741 3744 882 3821 solutio
908 3745 959 3820 ab
981 3744 1160 3819 omnibus
1183 3742 1251 3842 qui
1276 3743 1400 3818 coetui

166 3861 301 3934 adesse
327 3862 480 3954 debent,
504 3861 658 3959 scriptis
683 3869 873 3937 exaretur.
926 3861 1026 3952 Duo,
1050 3885 1215 3959 quorum
1243 3858 1402 3933 nomina

166 3975 303 4050 sortito
321 3977 527 4052 exiverunt
548 4003 596 4052 ex
618 4002 718 4052 urna
733 3977 954 4052 continente
971 3976 1185 4068 schedulas,
1203 3975 1245 4049 in
1262 3975 1402 4075 quibus

166 4115 301 4167 omnes
324 4092 503 4192 inscripti
526 4094 643 4186 fuere,
661 4118 849 4191 responsa
864 4119 935 4168 sua
958 4092 1091 4191 legant
1113 4099 1153 4167 et
1174 4117 1307 4167 casum
1325 4092 1400 4168 dis-

166 4207 326 4284 cutiant.
378 4209 483 4284 Aliis
507 4217 637 4285 autem
662 4209 952 4308 quaestionibus
976 4211 1024 4285 de
1050 4209 1167 4283 Sacra
1191 4209 1401 4307 Scriptura,

167 4323 378 4424 Theologia
404 4326 644 4425 Dogmatica,
667 4326 764 4401 Jure
792 4326 997 4419 Canonico,
1019 4333 1059 4401 ct
1083 4326 1200 4400 Sacra
1225 4324 1403 4423 Liturgia

167 4440 332 4515 satisfiat
354 4443 404 4516 ab
427 4442 476 4517 iis
499 4442 640 4541 quibus
658 4442 698 4516 in
723 4442 963 4518 antecedenti
980 4449 1173 4517 conventu
1190 4465 1344 4540 praeses
1362 4439 1403 4514 id
1496 4450 1500 4456 '

166 4578 281 4631 curae
302 4557 609 4633 demandaverit.
