3142 5242
585 464 634 509 ns
663 465 985 511 assuunnrsus.
1358 450 1400 513 47

164 619 376 717 fragilitate
399 621 588 712 turbetur,
607 620 713 696 haud
739 646 879 719 parum
905 628 1169 719 opportunum
1193 621 1274 696 fore
1300 620 1399 695 arbi·

165 746 328 828 tramur,
359 735 392 810 si
422 736 646 811 constitutio
677 736 966 834 sapientissima
997 738 1177 812 Rornanos
1207 736 1402 837 Pontifices

164 859 338 927 recenter
363 878 388 928 a
412 854 476 927 SS.
497 852 545 928 D.
564 851 615 927 N.
635 852 765 927 Leone
790 852 912 928 XIII.
939 877 1011 952 pro
1037 853 1185 951 Anglia
1210 859 1251 928 et
1274 853 1402 927 Scotia

165 969 294 1061 edita,¹
320 970 370 1043 ad
396 969 467 1044 has
493 969 611 1044 etiarn
637 969 858 1067 provincias
884 972 1126 1044 extendatur.
1196 969 1245 1044 ld
1270 978 1400 1044 autem

164 1110 205 1160 se
239 1085 468 1184 rogantibus
498 1085 623 1161 Nobis
658 1085 824 1161 libenter
857 1086 1134 1184 praestituram
1169 1085 1402 1183 significavit

159 1201 245 1300 jam
266 1203 384 1277 Sedes
402 1200 654 1301 Apostolica.²

213 1319 276 1395 87.
311 1318 403 1395 Tria
432 1327 563 1394 autem
594 1319 764 1395 decernit
795 1320 889 1395 haec
919 1319 1143 1394 constitutio
1173 1319 1273 1393 circa
1302 1318 1400 1393 rela-

164 1433 290 1510 tiones
307 1435 547 1535 regularium
564 1460 653 1511 cum
671 1437 955 1535 Episcoporum
975 1436 1213 1511 auctoritate.
1266 1434 1400 1510 Primo

165 1551 324 1651 quidem
341 1552 510 1651 explicat
531 1559 571 1628 et
594 1553 767 1628 decernit
782 1579 829 1628 ea
845 1578 944 1652 quae
960 1552 1160 1651 pertinent
1184 1553 1235 1627 ad
1259 1550 1400 1626 famili·

164 1693 278 1744 arum
300 1669 574 1768 religiosarum
597 1669 884 1768 exemptionem
907 1669 957 1743 ab
979 1668 1203 1766 Episcopali
1221 1666 1400 1767 jurisdic-

164 1783 295 1878 tione3
338 1785 479 1861 dehinc
512 1811 558 1861 ea
591 1811 693 1885 quae
726 1784 945 1860 ministeria
985 1784 1211 1883 respiciunt,
1245 1808 1345 1883 quae
1378 1808 1402 1858 a

164 1901 411 2001 regularibus
444 1901 702 1977 missionariis
732 1908 968 1994 exercentur,
1000 1925 1044 1976 ac
1078 1902 1237 1976 demum
1267 1924 1401 1999 quaes·

164 2017 290 2093 tiones
316 2020 365 2094 de
390 2019 503 2093 bonis
527 2018 810 2116 temporalibus
835 2017 1087 2116 regularium,
1112 2018 1236 2115 deque
1262 2041 1336 2092 usu
1359 2015 1401 2090 in

165 2159 281 2234 quem
307 2134 377 2209 illa
403 2141 557 2234 oportet
580 2133 766 2210 converti.

214 2252 277 2327 88.
304 2253 370 2326 Ad
387 2250 627 2351 regularium
645 2250 931 2349 exemptionem
945 2252 1050 2349 quod
1067 2251 1217 2344 attinet,
1232 2251 1403 2328 declarat

164 2366 413 2443 constitutio:
450 2373 471 2410 “
487 2366 717 2466 Regulares,
743 2365 811 2467 qui
848 2365 890 2440 in
920 2366 1142 2442 residentiis
1171 2367 1402 2442 missionum

165 2491 466 2577 commorantur,
492 2491 692 2582 exemptos
717 2507 800 2558 esse
826 2483 876 2558 ab
902 2482 1099 2558 Ordinarii
1118 2482 1400 2582 jurisdictione,

166 2624 242 2674 non
270 2625 380 2675 secus
405 2625 450 2676 ac
474 2600 672 2699 regulares
697 2598 802 2674 intra
826 2601 994 2675 claustra
1020 2598 1208 2692 viventes,
1232 2607 1401 2700 praeter·

166 2742 283 2816 quam
302 2716 343 2791 in
361 2717 513 2792 casibus
527 2717 578 2816 aj
584 2741 652 2791 ure
665 2715 899 2791 nominatim
916 2715 1118 2813 expressis,
1131 2722 1170 2790 et
1186 2715 1401 2815 generatim

165 2832 293 2926 iniis,
321 2856 419 2932 quae
444 2838 681 2909 concernunt
709 2856 845 2906 curam
870 2830 1091 2907 animarum
1118 2838 1157 2907 et
1186 2857 1401 2908 sacramen·

165 2957 296 3027 torum
319 2948 735 3026 administrationem.”
788 2948 955 3047 Propter
973 2973 1069 3047 quas
1086 2948 1339 3046 exceptiones
1357 2955 1403 3024 ut

165 3074 444 3167 consequenter
467 3065 622 3141 deducit
646 3064 838 3158 Pontifex,
855 3064 949 3141 cleri
973 3064 1244 3141 collationibus
1267 3067 1402 3141 adesse

166 3185 309 3261 debent
331 3208 465 3258 omnes
483 3208 531 3257 ex
545 3181 792 3281 regularibus
815 3180 1047 3256 missionum
1069 3189 1248 3274 rectores,
1266 3181 1401 3258 vicarii

166 3326 319 3401 quoque
341 3306 382 3376 et
403 3299 619 3400 generatim
637 3297 706 3373 alii
723 3296 896 3397 religiosi
914 3297 990 3371 viri
1008 3296 1264 3373 missionariis
1281 3299 1398 3374 facul·

166 3417 312 3493 tatibus
341 3415 498 3492 concedi
532 3414 657 3490 solitis
690 3413 881 3489 instructi.
934 3414 1001 3489 Ad
1030 3417 1224 3514 synodum
1254 3415 1401 3513 pariter

166 3534 450 3611 dioecesanam:
478 3529 676 3630 “exempti
694 3555 840 3624 omneS,
852 3529 920 3629 qui
937 3529 1046 3623 alias,
1057 3539 1230 3606 cessante
1246 3556 1399 3629 exemp·

165 3651 282 3745 tione,
306 3649 494 3725 interesse
518 3647 714 3740 deberent,
740 3671 811 3721 nec
834 3645 1016 3744 capitulis
1040 3647 1287 3744 generalibus
1312 3648 1399 3722 sub·

166 3770 324 3861 duntur,
353 3767 531 3841 accedere
560 3762 777 3856 tenentur,’'
805 3762 975 3838 maxime
1000 3763 1068 3862 qui
1096 3787 1231 3839 curam
1259 3770 1402 3863 gerunt

167 3882 484 3986 “parochialium
526 3888 595 3956 aut
636 3878 804 3955 aliarum
841 3879 1097 3956 saecularium
1140 3880 1401 3975 ecclesiarum,

166 4001 285 4076 etiam
313 3996 588 4090 adnexarum,‘’
616 4004 734 4095 atque
760 3995 924 4071 decretis
953 3996 1208 4095 synodalibus
1238 4003 1403 4095 pareant

167 4122 321 4216 oportet
344 4115 418 4189 “in
443 4113 492 4188 iis
515 4137 615 4212 quae
640 4113 690 4187 ad
715 4136 849 4186 curam
875 4111 1095 4187 animarum
1121 4120 1161 4187 et
1185 4138 1400 4188 sacramen·

166 4239 296 4308 torum
321 4229 699 4306 administrationem
722 4228 954 4324 referuntur,
973 4228 1185 4327 ceterisque
1208 4229 1250 4303 in
1274 4231 1400 4322 rebus,

200 4432 289 4486 ¹Vide
306 4431 335 4483 in
347 4431 497 4500 Appondrbe,
508 4446 535 4497 p.
554 4430 611 4480 212.
630 4426 836 4480 Celeberrimam
853 4426 950 4480 Bened.
968 4427 1047 4480 XIV.
1065 4430 1151 4481 Const.
1163 4429 1308 4480 Fimwndir
1324 4446 1403 4497 super

166 4515 258 4568 eadem
267 4532 296 4566 re
307 4515 366 4580 lege
377 4530 420 4581 ap.
433 4512 533 4578 baidi,
546 4513 564 4563 l.
576 4530 606 4577 c.,
619 4528 646 4579 p.
658 4511 715 4562 388.

199 4596 290 4650 'Vide
301 4596 442 4648 Decretum
454 4594 631 4659 Extensiouis,
644 4611 727 4661 supra,
740 4610 765 4659 p.
778 4610 818 4644 cv.
