3142 5242
483 453 537 498 uu
566 453 820 500 uuusuisus
850 454 1095 502 nnc'ronun.
1342 446 1401 509 157

169 607 364 704 supplere,
383 606 416 682 si
434 634 511 707 qua
534 611 582 684 de
603 634 720 684 causa
736 611 952 684 sacerdotes
971 610 1206 686 missionarii
1223 611 1323 690 illud
1339 615 1402 690 vel

170 723 324 797 nullum
359 725 422 799 vel
459 724 567 823 justo
602 725 733 800 minus
767 726 993 823 acceperint,
1026 728 1237 802 dummodo
1272 735 1401 806 tamen

163 837 278 937 juita
311 840 505 916 monitum
539 841 722 940 Apostoli
753 844 797 940 (1.
824 841 922 917 Tim.
950 864 1007 916 VI.
1034 843 1073 940 8)
1106 845 1320 919 necessaria
1352 847 1402 921 ad

168 954 356 1031 alimenta
386 963 425 1032 et
454 963 679 1056 tegumenta
708 983 786 1033 non
821 957 960 1051 desint,
988 957 1064 1033 nisi
1097 959 1197 1034 forte
1226 959 1290 1035 hic
1318 959 1401 1059 ipse

168 1073 473 1148 necessariorum
499 1075 680 1167 defectus,
700 1073 849 1172 judicio
877 1074 1061 1173 Episcopi
1086 1101 1175 1150 cum
1202 1075 1284 1150 suis
1313 1101 1400 1152 con·

167 1188 392 1283 sultoribus,
410 1189 522 1290 gravi
539 1191 654 1289 culpa
671 1189 796 1289 ipsius
813 1190 1051 1266 missionarii
1068 1191 1278 1268 accidisset.

219 1304 328 1380 Inter
340 1306 489 1382 reditus
506 1307 686 1383 ecclesiae
699 1333 767 1382 seu
785 1307 980 1382 missionis
998 1308 1246 1384 adnumerari
1260 1311 1402 1387 debent

167 1446 432 1523 quaecumque
453 1425 635 1500 collectae
657 1423 699 1498 in
723 1422 882 1499 ecclesia
904 1424 1038 1518 factae,
1057 1423 1133 1498 nisi
1156 1425 1269 1502 aliter
1287 1425 1400 1523 Epis-

167 1563 287 1637 copus
304 1541 353 1614 de
369 1538 419 1615 iis
436 1540 627 1615 statuerit.

218 1655 303 1732 274.
339 1658 405 1732 Ad
431 1656 613 1732 evitanda
638 1657 871 1757 gravissima
896 1657 1152 1751 incommoda,
1171 1683 1271 1757 quae
1295 1659 1399 1734 facil·

167 1771 262 1848 lime
287 1774 336 1848 ob
362 1782 562 1872 congestas
588 1774 759 1873 undique
785 1774 968 1873 pecunias
994 1774 1088 1849 oriri
1114 1783 1284 1873 possent,
1302 1774 1401 1850 nulli

166 1888 208 1963 in
243 1896 441 1988 posterum
478 1889 681 1989 Episcopo,
717 1917 838 1990 eoque
872 1890 1002 1965 minus
1037 1890 1177 1965 rectori
1212 1897 1281 1966 aut
1314 1890 1401 1967 aliis

166 2005 343 2105 personis
369 2006 644 2098 ecclesiasticis,
670 2014 752 2082 tam
778 2007 1040 2083 saecularibus
1065 2032 1184 2106 quam
1214 2006 1399 2106 regulari·

166 2123 251 2213 bus,
269 2123 327 2197 fas
353 2122 429 2197 erit
453 2148 607 2197 mensas
633 2123 873 2223 argentarias
895 2131 1037 2198 tenere.
1090 2120 1131 2197 Si
1154 2148 1253 2221 quae
1276 2124 1401 2198 adhuc

166 2238 345 2329 existant,
370 2238 578 2314 statuimus
605 2246 649 2315 ut
674 2239 778 2314 intra
803 2239 972 2339 quinque
998 2264 1120 2314 annos
1146 2264 1170 2314 a
1195 2238 1400 2337 publicatis

166 2355 319 2432 concilii
344 2355 466 2430 nostri
493 2356 656 2430 decretis
677 2356 952 2448 dissolvantur,
970 2353 1046 2429 nisi
1070 2353 1224 2453 longius
1246 2360 1400 2453 tempus

166 2472 285 2547 fuerit
302 2497 325 2546 a
341 2473 379 2546 S.
399 2471 704 2569 Congregatione
722 2472 985 2570 impetratum.

606 2913 822 2988 CAPUT
859 2913 966 2987 ΙΙΙ.

185 3098 250 3172 Du
276 3098 529 3172 Muuramus
559 3097 830 3171 Sncunuoruu
858 3118 1117 3170 Pnnusuarru
1145 3097 1381 3173 Rncrouuu.

218 3281 303 3358 275.
348 3280 457 3354 Inter
495 3279 731 3376 multiplices
770 3279 1012 3354 sacerdotum
1053 3279 1399 3374 missionariorum,

166 3396 396 3498 praesertim
421 3404 626 3486 rectorum,
644 3420 755 3470 curas
779 3420 857 3468 non
881 3394 1065 3469 ultimum
1089 3394 1217 3469 locum
1241 3403 1401 3494 occupat

165 3539 298 3599 rerum
332 3510 607 3610 temporalium
647 3512 719 3584 sub
753 3509 938 3609 Episcopi
972 3510 1181 3585 directione
1215 3511 1398 3586 adminis-

165 3630 294 3707 tratio.
346 3628 471 3703 Enixe
488 3627 609 3726 igitur
625 3628 828 3701 hortamur
844 3634 1010 3701 rectores
1028 3633 1072 3701 ut
1088 3652 1243 3701 summa
1259 3627 1399 3702 sollici·

164 3746 302 3823 tudine
327 3745 442 3820 rebus
468 3770 627 3818 suarum
654 3743 900 3818 ecclesiarum
931 3750 971 3817 et
1000 3742 1229 3817 missionum
1260 3742 1398 3842 invigi-

166 3863 259 3956 lent,
286 3886 478 3937 memores
508 3861 612 3958 quod
644 3860 726 3934 Deo
757 3859 948 3934 rationem
978 3857 1169 3933 reddituri
1200 3867 1292 3933 sunt
1322 3885 1399 3935 non

165 3987 320 4055 tantum
344 3979 393 4052 de
417 3977 620 4052 animabus
644 3975 818 4051 fidelium
843 3974 918 4050 sibi
941 3974 1168 4068 commissis,
1187 3977 1256 4050 sed
1281 3976 1399 4050 etiam

166 4094 352 4171 debonis
379 4093 453 4168 Dei
483 4101 522 4169 et
548 4091 742 4167 Ecclesiae
772 4091 931 4166 servitio
962 4091 1111 4167 dicatis.
1176 4091 1400 4194 Oblationes

165 4211 341 4287 fidelium
367 4217 406 4286 et
430 4209 613 4309 pecunias
643 4209 821 4283 collectas
847 4233 894 4283 ea
917 4206 1104 4306 religione
1130 4215 1329 4306 usurpent,
1356 4215 1401 4283 ut

165 4352 245 4402 non
288 4327 416 4402 solum
463 4326 623 4424 templa,
666 4325 819 4400 scholae
866 4326 1081 4423 domusque
1123 4323 1232 4422 erigi,
1275 4332 1400 4398 erecta

166 4443 326 4536 servari,
344 4442 532 4517 labefacta
557 4441 768 4517 restaurari
794 4440 956 4539 possint,
974 4440 1043 4515 sed
1069 4439 1186 4515 etiam
1213 4447 1401 4537 augeatur

167 4558 353 4657 splendor
376 4557 502 4632 cultus
526 4557 661 4649 divini,
679 4556 805 4630 solida
821 4580 1031 4654 puerorum
1053 4554 1228 4629 educatio
1252 4554 1293 4628 in
1317 4555 1401 4631 dies
