3142 5242
485 480 539 527 nn
568 482 746 529 8080888
775 483 993 531 88881088.
1291 468 1350 532 281

116 656 155 701 88
174 635 325 722 pietatem
342 636 499 704 emdiant.
545 639 608 704 Est
628 662 704 728 ergo
726 640 760 705 in
783 648 935 726 potestate
957 640 1096 726 positum
1119 640 1220 726 ipsius
1241 640 1354 728 populi

116 739 264 806 eutholici
287 749 324 807 ut
348 741 485 807 feliciter
505 752 670 809 avertatur
692 744 806 829 clades,
830 767 927 833 qnam
950 744 1130 809 seholamm
1156 743 1225 810 illio
1246 744 1355 832 publi-

116 865 226 909 carum
240 844 424 911 institutum
439 847 485 912 rei
506 846 678 914 catholicae
698 848 876 914 minitatur.
921 848 1051 935 Religio
1070 857 1178 915 autern
1200 871 1237 913 ao
1255 848 1355 936 pietas

117 970 158 1013 88
186 971 205 1014 8
232 949 349 1016 scholis
378 951 493 1018 vestris
525 951 738 1039 expellantur,
768 952 803 1017 id
832 975 942 1019 omnes
978 953 1108 1018 tandem
1143 952 1355 1040 persuadeant

115 1052 178 1118 sibi
199 1053 379 1141 plurimum
400 1056 560 1141 interesse,
576 1080 641 1123 non
654 1056 858 1143 singulomm
880 1066 1007 1123 tantum
1028 1057 1151 1123 civium
1165 1055 1354 1122 8818811Ιί8-

115 1179 201 1239 rum,
225 1181 340 1225 verum
363 1161 460 1226 etiam
482 1161 584 1248 ipsius
604 1160 846 1227 florentissimae
868 1161 1078 1227 Americanae
1101 1161 1250 1243 88110818,
1272 1182 1355 1249 quac

115 1269 237 1327 tantam
252 1262 293 1328 de
306 1286 341 1329 sc
353 1286 443 1350 spem
459 1263 619 1330 Ecclesiae
632 1265 730 1332 dedit.

159 1365 310 1433 Ceterum
335 1367 368 1435 S.
393 1368 606 1457 Congmgatio
631 1393 697 1436 non
721 1370 849 1459 ignorat
872 1371 952 1437 talia
971 1371 1135 1436 interdum
1160 1392 1268 1435 rernm
1289 1392 1354 1435 8888

115 1469 274 1554 adiuncta,
289 1481 327 1537 ut
343 1483 488 1560 parentes
502 1474 651 1539 catholici
671 1475 794 1561 prolem
813 1497 905 1541 suam
919 1474 1037 1543 scholis
1056 1474 1194 1562 publicis
1207 1473 1354 1539 commit·

115 1581 182 1640 tere
206 1574 241 1640 in
267 1577 458 1642 conscientia
481 1577 628 1665 possint.¹
674 1577 718 1644 Id
743 1588 850 1645 autem
875 1601 940 1644 non
965 1587 1127 1665 poterunt,
1153 1577 1216 1642 nisi
1241 1575 1355 1642 adsis
1411 1629 1415 1636 .

113 1679 275 1766 agendum
296 1680 505 1746 sufficientem
526 1705 654 1748 (ausam
675 1682 832 1765 habeant3
858 1706 895 1748 ac
915 1682 992 1748 talis
1016 1704 1111 1747 eausa
1132 1680 1292 1746 sufficiens
1316 1680 1352 1745 in

114 1804 189 1848 0888
201 1781 312 1876 aliquo
325 1784 512 1871 particulari
525 1796 637 1851 utrum
655 1786 741 1851 adsit
759 1809 818 1851 nec
838 1810 887 1870 ne,
903 1784 937 1851 id
957 1785 1165 1851 conscientiae
1182 1808 1220 1851 aa
1234 1784 1353 1850 iudicio

114 1885 363 1953 Ordinariomm
399 1889 645 1978 relinquendum
674 1892 754 1973 e1·it;
791 1900 824 1957 et
851 1900 929 1956 tunc
957 1913 994 1956 ea
1022 1889 1213 1977 plerumque
1240 1888 1352 1972 aderit,

114 1990 245 2079 quando
269 1991 323 2059 vel
352 1993 444 2059 nulla
472 2004 597 2081 praesto
625 2003 673 2060 est
700 1993 809 2060 schola
837 1994 1001 2078 catholiea,
1026 1992 1079 2061 vel
1104 2016 1187 2080 quae
1210 1992 1353 2079 suppetit

113 2116 229 2181 parum
251 2104 300 2161 est
320 2094 434 2163 idonea
454 2097 638 2164 emdiendis
659 2098 883 2165 convenienter
896 2097 1072 2163 conditioni
1087 2119 1163 2162 suae
1176 2118 1352 2183 congruen-

114 2206 226 2285 terque
239 2200 499 2267 adoleecentibus.
544 2201 638 2267 Tune
650 2212 758 2268 autem
772 2211 811 2268 ut
824 2202 950 2268 scholae
960 2201 1107 2288 publicae
1117 2200 1152 2265 in
1163 2199 1353 2266 conscientia

113 2301 197 2368 adiri
219 2305 351 2390 possint,
367 2305 545 2392 periculum
566 2307 780 2393 perversioris
800 2330 875 2371 cum
896 2307 1029 2394 propria
1057 2306 1201 2391 ipsarum
1229 2304 1352 2370 ratione

113 2405 189 2494 plus
199 2409 349 2474 minusve
359 2432 522 2496 nunquam
535 2433 600 2476 non
611 2410 826 2494 coniunctum,
837 2410 1028 2496 opportunis
1038 2408 1187 2474 remediis
1197 2408 1352 2474 cautioni-

113 2510 237 2599 busque
257 2512 327 2577 ficri
348 2510 442 2578 debet
456 2536 497 2578 ex
511 2514 661 2600 proximo
674 2524 844 2580 remotum.
889 2513 951 2579 Fst
965 2536 1042 2601 ergo
1063 2512 1224 2599 imprimis
1237 2512 1351 2578 viden·

113 2613 203 2699 dum,
225 2626 377 2683 utrumne
406 2617 441 2682 in
469 2617 579 2683 schola
606 2618 648 2683 de
676 2642 741 2706 qua
768 2617 915 2683 adeunda
942 2616 1117 2705 quaeritur,
1139 2616 1351 2703 perversioris

114 2719 292 2806 pericnlum
314 2721 357 2785 sit
377 2721 533 2788 eiusmodi
555 2721 642 2809 qnod
664 2723 733 2787 fieri
759 2732 917 2787 remotum
946 2720 1043 2808 plane
1071 2728 1230 2808 nequeat:
1259 2718 1351 2786 velut

113 2824 238 2909 quoties
258 2823 305 2889 ibi
326 2834 384 2890 aut
403 2823 558 2891 docentur
578 2826 744 2913 quaedam,
758 2835 816 2892 aut
835 2835 978 2912 aguntur
998 2823 1170 2890 catholicae
1187 2822 1350 2889 doctrinae

113 2925 248 2994 bonisve
269 2928 413 2994 moribus
433 2930 601 3014 contraria,
616 2952 760 3017 quaeque
773 2930 854 2995 citra
866 2930 991 2994 animae
1005 2927 1233 2994 detrimentum
1248 2950 1350 3014 neque

112 3029 219 3096 audiri
240 3041 385 3119 possunt,
400 3032 519 3098 nedum
540 3034 661 3122 peragi.
706 3033 808 3098 Enim
821 3055 899 3100 vero
913 3033 977 3098 tale
989 3030 1179 3119 pericnlum,
1194 3040 1232 3096 ut
1246 3053 1304 3117 per
1316 3054 1349 3097 se

112 3143 210 3221 patet,
225 3136 357 3202 omnino
376 3135 547 3203 vitandum
561 3145 609 3203 est
621 3160 695 3203 oum
711 3159 912 3224 quocumque
932 3136 1051 3202 damno
1067 3134 1238 3222 temporali
1252 3135 1349 3200 etiam
1385 3165 1398 3187 ··

101 3238 208 3305 ‘vitae
252 3239 359 3305 Debet
377 3264 475 3328 porro
496 3241 659 3326 iuventus,
681 3250 719 3307 ut
738 3241 898 3307 committi
918 3240 1035 3306 scholis
1055 3239 1194 3326 publicis
1216 3240 1251 3304 in
1272 3261 1349 3304 con·

112 3343 244 3409 scientia
257 3345 368 3431 possit,
383 3347 587 3412 neeessariam
601 3346 807 3412 christianam
822 3345 1056 3410 institutionem
1073 3352 1106 3409 et
1118 3343 1347 3427 educationem,

111 3445 224 3512 saltem
253 3459 345 3514 extra
372 3449 499 3516 scholae
526 3458 661 3537 tempus,
688 3450 749 3516 rite
777 3474 814 3516 ac
842 3449 1012 3536 diligenter
1040 3449 1189 3534 accipere.
1238 3448 1349 3527 Quam

112 3551 243 3637 parochi
263 3575 302 3618 ac
322 3552 524 3637 missionarii,
539 3577 694 3620 memores
715 3576 922 3640 eorumquae
942 3552 1221 3640 providentissime
1235 3551 1295 3616 hac
1307 3549 1349 3617 de

112 3676 147 3720 re
171 3654 355 3722 Concilium
380 3657 613 3724 Baltimorensc
637 3657 812 3741 constituit,
837 3657 1050 3723 catechesibus
1074 3655 1246 3743 diligenter
1270 3654 1348 3720 dent

112 3782 253 3846 operam,
282 3761 386 3849 iisque
412 3761 611 3849 explicandis
646 3762 815 3848 praecipue
844 3761 1031 3826 incumbant
1055 3760 1244 3826 veritatibus
1272 3759 1347 3824 fidei

112 3885 151 3929 ao
176 3887 316 3949 mamm,
338 3889 420 3952 quae
448 3865 551 3950 magis
575 3867 617 3932 ab
642 3866 813 3931 incredulis
838 3875 871 3932 et
899 3865 1102 3930 heterodoxis
1127 3864 1346 3951 impetuntur3

112 3976 223 4055 totque
242 3969 394 4056 periculis
412 3972 589 4057 expositam
611 3970 812 4036 iuventutem
832 3970 976 4056 impensa
995 3991 1081 4051 eura,
1102 3991 1166 4055 qua
1187 3966 1347 4055 frequenti

112 4082 380 4139 sacramentorum
406 4097 477 4157 usu,
498 4097 564 4161 qua
584 4075 702 4161 pietate
723 4074 759 4139 in
781 4074 821 4140 B.
838 4074 1013 4160 Virginem
1035 4071 1184 4137 studeant
1204 4095 1347 4136 commu-

112 4177 192 4261 nire,
206 4186 239 4242 et
259 4175 302 4242 ad
322 4177 509 4265 religionem
531 4179 665 4244 firmiter
679 4179 849 4243 tenendam
863 4179 959 4242 etiam
974 4186 1069 4264 atque
1083 4176 1180 4241 etiam
1199 4175 1346 4242 excitare.

112 4278 183 4366 Ipsi
196 4303 275 4347 vero
296 4291 451 4369 parentes,
465 4283 565 4369 quive
582 4305 692 4347 eorum
710 4282 779 4348 loeo
799 4292 885 4364 sunt,
901 4282 1010 4346 liboris
1030 4281 1097 4345 suis
1118 4279 1240 4344 solicite
1261 4277 1347 4344 invi-

112 4384 224 4470 gilent,
245 4408 283 4450 ae
303 4385 356 4452 vel
382 4386 444 4472 ipsi
466 4410 523 4473 por
543 4409 576 4452 88
597 4386 661 4469 vel,
683 4386 716 4452 si
733 4387 841 4451 minus
862 4385 970 4451 idonei
992 4384 1055 4471 ipsi
1080 4385 1156 4467 sint,
1183 4407 1241 4470 per
1266 4381 1347 4448 alios

111 4487 151 4554 de
165 4489 356 4555 lectionibus
369 4489 488 4555 auditis
502 4513 554 4556 eos
574 4491 778 4576 interrogent,
794 4489 893 4554 libros
915 4488 1028 4553 iisdem
1049 4487 1184 4552 traditos
1198 4510 1347 4574 recogno-

111 4601 210 4676 scant,
235 4602 269 4658 et
293 4592 321 4658 si
347 4593 426 4680 quid
454 4595 590 4658 noxium
621 4594 665 4658 ibi
694 4592 969 4680 deprehenderint,
994 4591 1139 4656 antidota
1166 4591 1347 4678 praebeant,
