3142 5242
461 1006 1022 1188 APPENDlll.

572 1384 931 1394 —————-

207 1597 393 1673 ernaan
419 1602 699 1675 Arosromcan
725 1600 789 1703 Da
815 1601 1028 1675 Cauomca
1053 1600 1291 1676 Eanmrouu

414 1715 613 1791 Coronen
640 1717 898 1808 Aunmoam,
926 1714 1090 1791 Rouau.

623 1898 696 1986 [Ad
712 1920 755 1985 p:
770 1897 875 1984 ιη]

558 2109 653 2175 LEO
676 2108 933 2176 EPISCOPUS

522 2268 666 2322 suavus
683 2268 890 2321 suavorum
907 2268 974 2320 um

462 2419 510 2464 An
530 2419 733 2464 PERPETUAM
754 2420 813 2462 REI
833 2418 1027 2463 MEMORIAM.

172 2554 240 2620 Ubi
263 2556 405 2642 primum
428 2555 599 2620 latissimae
620 2556 786 2620 Amerioae
808 2553 1071 2640 Septentrionalis
1092 2554 1206 2642 plagae
1219 2554 1364 2621 deductis

128 2680 169 2722 ex
191 2658 324 2744 Europa
345 2659 477 2724 coloniis
499 2658 678 2745 frequentia
698 2658 893 2745 populorum
915 2657 1068 2723 celebrari
1090 2668 1274 2744 coeperunt,
1296 2658 1363 2724 Ro-

129 2763 214 2825 mani
227 2761 398 2827 Pontifioes
410 2762 664 2827 Praedeocssores
679 2762 790 2827 Nostri
805 2761 847 2827 ad
861 2784 931 2827 eam
942 2761 1103 2848 regionem
1114 2761 1221 2827 oculos
1231 2785 1363 2828 conver-

127 2873 229 2929 tentes
250 2865 284 2930 in
307 2889 372 2953 qua
392 2865 488 2931 modo
510 2865 734 2931 florentissima
754 2888 796 2930 ex
817 2864 988 2930 foederatis
1008 2865 1145 2930 statibus
1169 2865 1364 2952 Respublica

126 2969 297 3035 constituta
310 2979 368 3052 est,
384 2993 494 3035 omnes
514 2969 745 3035 sollicitudines
766 2978 800 3035 et
819 2969 927 3034 studia
947 2991 1006 3034 sua
1028 2969 1061 3033 in
1084 2969 1119 3034 id
1140 2970 1363 3052 contulerant

126 3073 280 3138 catholiea
301 3073 390 3156 fides,
404 3096 548 3161 quaeque
568 3095 610 3138 ex
630 3095 667 3138 ea
687 3073 856 3139 dimanant
869 3072 903 3137 in
919 3074 1063 3138 civitates
1077 3073 1169 3157 bona,
1185 3096 1251 3138 non
1266 3073 1362 3140 modo

127 3177 210 3242 inter
231 3177 465 3244 Christifideles
485 3187 651 3243 manerent
671 3176 864 3264 incorrupta,
879 3177 934 3242 sed
955 3177 1052 3242 etiam
1073 3178 1158 3242 inter
1170 3187 1280 3264 gentes
1293 3178 1363 3244 sive

125 3280 276 3346 barbaras
296 3282 367 3349 sive
386 3304 428 3348 ex
448 3280 585 3347 diversis
598 3282 684 3348 orbis
698 3280 843 3369 partibus
856 3281 936 3345 illue
956 3281 1186 3367 immigrantes‚
1200 3282 1361 3368 quamvis,

126 3385 260 3472 origine,
282 3385 404 3473 lingua,
425 3386 579 3470 moribus,
600 3386 754 3472 religione
777 3385 915 3469 dissitas,
940 3384 1276 3451 induceremus-Ad
1302 3385 1361 3451 hos

125 3489 279 3554 salutares
301 3490 423 3556 fruetus
443 3490 654 3577 assequendos
668 3489 809 3555 maxime
822 3490 1005 3571 valuerunt,
1020 3498 1091 3554 tum
1105 3491 1251 3556 virorum
1268 3512 1361 3576 apos·

126 3593 296 3658 tolicorum
309 3594 448 3660 delectus
461 3617 543 3682 quos
556 3595 701 3681 undique
713 3593 908 3682 conquisitos
923 3593 957 3658 in
972 3616 1024 3658 eas
1039 3593 1221 3680 provincias
1234 3594 1361 3660 mittere

127 3721 292 3784 nunquam
313 3697 514 3782 destiterunt,
527 3706 600 3764 tum
613 3698 741 3764 sedulae
760 3697 968 3784 assiduaeque
981 3720 1074 3762 curae
1091 3696 1204 3763 Sacrae
1218 3697 1360 3785 Congre·

125 3801 263 3887 gationis
284 3801 468 3868 Christiano
488 3801 613 3867 nomini
634 3801 849 3889 propagando,
863 3802 956 3866 euius
972 3801 1114 3866 consiliis
1128 3810 1161 3866 et
1174 3801 1360 3867 ministeriis

126 3904 232 3970 Iidem
254 3916 408 3992 perpetuo
421 3907 472 3971 usi
488 3915 575 3990 sunt,
589 3914 627 3972 ut
643 3904 899 3991 septentrionalis
912 3905 1080 3970 Amerirae
1093 3893 1254 3992 spirituali
1268 3905 1359 3970 utili-

125 4010 181 4073 teti
191 4008 548 4076 consulerent-Porro
556 4009 665 4075 eadem
673 4008 768 4074 Sacra
776 4008 990 4095 Congregatio
998 4008 1224 4075 Decessoribus
1232 4008 1361 4075 Nostris

126 4135 254 4199 operam
275 4137 408 4197 navans,
422 4112 506 4179 inter
526 4113 591 4179 alia
610 4113 662 4179 sui
683 4112 783 4178 studii
803 4123 992 4200 argumenta
1012 4136 1089 4200 erga
1102 4136 1173 4178 eam
1186 4113 1360 4199 regionem,

127 4215 186 4281 hoc
205 4218 302 4282 etiam
323 4217 482 4301 exhibuit,
504 4226 543 4282 ut
563 4240 678 4303 nempe
696 4215 845 4282 admissis
866 4216 901 4281 in
923 4215 1150 4282 Urbanianum
1175 4216 1358 4303 Collegium

125 4321 193 4385 eins
218 4322 357 4408 regionis
378 4321 529 4405 alumnis,
544 4344 585 4387 ex
607 4321 649 4387 iis
668 4343 771 4387 novos
792 4320 828 4385 in
849 4320 918 4386 dies
939 4320 1113 4407 Evangelii
1134 4342 1303 4408 praecones
1323 4319 1360 4386 in

126 4425 204 4490 urbe
224 4426 323 4490 totius
344 4426 507 4491 christiani
529 4426 627 4490 Orbis
648 4425 801 4512 principe,
823 4424 860 4489 in
881 4424 959 4512 ipsis
981 4423 1176 4490 Pontificum
1197 4424 1299 4490 oculis
1319 4422 1362 4489 ad

126 4526 274 4615 pietatem
303 4539 335 4594 et
363 4529 528 4595 scientiam
556 4534 616 4616 pro
652 4527 820 4593 Americae
855 4526 992 4594 borealis
1027 4527 1178 4616 gentibus
1212 4527 1362 4614 diligenti
