3142 5242
406 496 461 542 DE
490 496 761 544 BECTORIBUS
791 496 1180 545 INAMOVIBILIBUS.
1358 481 1397 545 21

164 650 334 726 ecclesiis
359 651 695 727 constituerentur.
747 652 897 727 Verum
923 677 969 728 ea
994 660 1087 727 sunt
1112 660 1245 727 nostra
1268 677 1399 727 rerum

164 775 353 867 tempora,
367 794 466 867 quae
483 768 524 843 id
542 769 625 845 fieri
644 770 818 844 nondum
834 767 1043 868 patiantur.
1091 767 1255 844 Patrum
1268 776 1399 844 tamen

165 884 283 982 hujus
299 884 462 958 Concilii
477 885 651 959 Plenarii
665 911 775 960 mens
793 894 862 979 est,
877 893 921 960 ut
937 884 1139 984 paulatim,
1154 890 1194 960 et
1209 892 1400 984 quatenus

166 1025 236 1098 per
253 1001 436 1098 adjuncta
452 1000 576 1095 liceat,
595 1002 803 1101 disciplina
827 1010 961 1076 nostra
986 1002 1058 1077 hac
1077 1001 1119 1076 in
1139 1027 1182 1077 re
1206 1001 1400 1076 Ecclesiae

167 1116 370 1192 universae
387 1116 616 1216 disciplinae
632 1118 929 1193 conformetur.''
985 1118 1039 1218 (N
1041 1143 1076 1195 o.
1095 1121 1196 1218 123.)

217 1232 444 1309 “Volumus
460 1232 592 1333 igitur,
607 1242 652 1309 ut
669 1259 739 1333 per
756 1260 890 1309 omnes
908 1235 1021 1311 hasce
1038 1234 1269 1335 provincias,
1288 1261 1398 1335 prae·

166 1351 301 1425 sertim
327 1351 541 1449 majoribus
565 1349 607 1426 in
634 1351 796 1428 urbibus
826 1352 894 1426 ubi
923 1353 1056 1451 plures
1087 1358 1179 1427 sunt
1208 1351 1400 1446 ecclesiae,

162 1466 364 1656 pistrictus
398 1467 569 1566 quidam,
600 1468 800 1567 paroeciae
832 1468 967 1562 instar,
994 1468 1197 1566 descriptis
1226 1476 1402 1542 accurate

181 1582 368 1675 rmitibus,
387 1583 594 1682 unicuique
619 1583 799 1659 ecclesiae
817 1585 1057 1683 assignetur3
1084 1586 1242 1683 ejusque
1261 1585 1401 1659 rectori

162 1698 252 1794 jura
269 1699 507 1798 parochialia
524 1700 587 1774 vel
605 1699 972 1798 quasi-parochialia
995 1700 1252 1775 tribuantur.”
1310 1701 1365 1799 (N
1366 1725 1400 1775 0.

168 1817 269 1913 124.)

217 1939 238 1974 “
251 1932 490 2007 Parochialis
511 1933 624 2031 juris,
643 1933 854 2033 paroeciae,
873 1940 913 2009 et
928 1933 1086 2032 parochi
1115 1935 1274 2009 nomina
1291 1959 1400 2009 usur·

166 2052 307 2148 pando,
327 2049 551 2124 nullatenus
575 2049 817 2126 intendimus
842 2049 1023 2124 ecclesiae
1040 2050 1247 2147 cujuslibet
1262 2049 1402 2125 rectori

162 2167 237 2262 jus,
266 2174 311 2240 ut
344 2167 465 2264 ajunt,
492 2169 802 2242 irrurnooibilitctis
834 2166 1027 2258 tribuere3
1071 2173 1141 2241 aut
1169 2173 1401 2265 potestatem

167 2282 276 2355 illam
303 2282 439 2357 tollere
457 2307 526 2356 seu
543 2282 624 2357 ullo
642 2285 758 2358 modo
784 2281 1028 2375 imminuere,
1046 2308 1164 2380 quam
1182 2307 1230 2357 ex
1246 2289 1402 2381 recepta

166 2397 206 2472 in
240 2398 303 2472 his
338 2397 549 2496 provinciis
584 2398 790 2496 disciplina
823 2398 942 2472 habet
974 2398 1191 2497 Episcopus
1224 2397 1401 2497 quemvis
1485 2436 1489 2445 ·

166 2516 402 2589 sacerdotem
429 2540 590 2588 munere
613 2514 796 2612 privandi
814 2523 883 2589 aut
899 2514 976 2588 alio
993 2515 1263 2590 transferendi.
1316 2514 1399 2590 Mo·

167 2656 303 2705 nemus
329 2638 459 2704 autem
477 2637 516 2705 01
534 2630 736 2705 hortamur
755 2656 803 2705 ne
824 2629 1008 2728 Episcopi
1026 2630 1098 2705 hoc
1117 2630 1208 2728 jure
1225 2656 1306 2723 suo,
1325 2629 1401 2705 nisi

165 2772 304 2844 graves
323 2748 372 2820 ob
389 2771 524 2820 causas
542 2753 581 2820 et
597 2746 731 2820 habita
748 2746 976 2820 meritorum
993 2745 1155 2838 ratione,
1171 2745 1227 2821 uti
1242 2746 1400 2821 velint.”

171 2862 259 2959 (No.
280 2865 381 2960 125.)

215 2981 275 3055 33.
321 2979 382 3053 Ex
399 3005 475 3078 quo
494 2980 673 3078 superius
691 2979 906 3055 Concilium
926 2979 1152 3054 Plenarium
1166 2979 1401 3055 celebratum

164 3095 250 3188 fuit,
269 3103 491 3170 nostrarum
517 3121 649 3171 rerum
676 3103 800 3170 status
825 3098 995 3195 profecto
1022 3121 1100 3170 non
1125 3097 1221 3171 adeo
1247 3103 1306 3171 est
1329 3095 1400 3171 im·

165 3219 351 3305 mutatus,
370 3219 412 3286 ut
439 3213 490 3287 ad
516 3212 670 3287 literam
689 3212 837 3286 servari
862 3213 1016 3311 possint
1031 3212 1162 3287 omnia
1179 3219 1220 3287 01
1235 3212 1401 3311 singula,

164 3354 264 3427 quae
290 3328 408 3403 sacris
435 3328 658 3421 canonibus,
676 3335 716 3403 et
740 3328 971 3428 praesertim
996 3329 1159 3402 Concilii
1184 3327 1402 3404 Tridentini

166 3445 329 3519 decretis
364 3447 412 3519 de
446 3444 696 3519 instituendis
721 3444 909 3544 paroeciis
935 3444 1221 3542 sapientissime
1245 3443 1404 3543 provisa

166 3568 268 3636 sunt.
321 3560 470 3635 Verum
497 3567 541 3635 ut
565 3560 775 3658 disciplina
797 3568 930 3635 nostra
947 3560 1020 3634 hac
1036 3561 1078 3635 in
1095 3586 1138 3636 re
1155 3561 1206 3635 ad
1224 3585 1402 3635 normam

166 3675 411 3751 sanctionum
437 3676 708 3751 canonicarum
736 3676 777 3751 in
803 3683 956 3751 tantum
983 3677 1193 3775 redigatur,
1215 3676 1256 3750 in
1282 3702 1401 3774 quan·

167 3800 251 3868 tum
278 3793 452 3867 locorum
479 3792 790 3868 circumstantiae
816 3792 960 3886 sinunt,
979 3793 1073 3867 haec
1094 3795 1300 3867 statuenda
1317 3818 1401 3867 ceu·

166 3909 338 3984 suimus:

217 4025 266 4100 In
284 4025 450 4124 singulis
468 4025 716 4117 dioecesibus,
731 4025 959 4101 auctoritate
977 4024 1172 4124 Episcopi,
1188 4028 1235 4100 de
1252 4026 1402 4100 consul·

165 4148 297 4215 torum
320 4167 481 4217 suorum
504 4141 663 4216 consilio
691 4142 905 4240 seligantur
927 4148 1053 4216 certae
1078 4141 1282 4215 missiones
1305 4167 1403 4241 quae

167 4256 293 4355 magis
316 4266 431 4354 aptae
447 4258 631 4332 videntur
653 4263 699 4332 ut
721 4258 986 4356 paroeciarum
1010 4257 1135 4331 instar
1156 4256 1292 4331 haberi
1315 4282 1401 4356 pos·

166 4371 257 4466 sint,
276 4381 392 4471 atque
409 4399 433 4448 a
448 4373 661 4448 rectoribus
679 4373 935 4448 missionariis
953 4380 1227 4472 permanenter
1248 4371 1401 4447 institu-

166 4487 219 4562 tis
243 4513 312 4563 seu
335 4488 653 4564 inamovibilibus
677 4489 776 4563 sicut
799 4489 839 4563 in
860 4489 1005 4588 Anglia
1028 4489 1237 4587 regantur.1
1289 4488 1401 4586 Ejus·

203 4653 292 4708 'Vide
303 4655 436 4723 Excerpta
447 4674 462 4708 0
474 4656 551 4708 Cone.
564 4655 641 4708 Prcv.
655 4655 838 4709 westmonast.
851 4671 877 4722 1.,
890 4656 918 4707 in
931 4657 1080 4724 Appendice,
1094 4674 1119 4723 p.
1129 4664 1187 4715 230,
