3142 5242
235 451 275 514 76
364 465 547 513 TITULUS
572 465 726 513 v.-1)E
755 465 1036 511 ‹rnumcont'tt
1066 463 1364 511 unucfflon'u.

233 622 387 697 oraculo
414 621 553 713 sanxit,
581 628 624 695 ut
649 620 795 695 scilicet
820 621 1082 696 adolescentes
1107 618 1237 695 clerici
1267 618 1471 694 addiscant

233 744 494 836 “germanam
512 736 665 812 dicendi
691 736 963 836 scribendique
979 735 1215 833 elegantiam
1232 742 1273 811 et
1289 734 1469 834 eloquen-

232 854 328 929 tiam
349 861 435 929 tum
453 879 500 928 ex
517 851 816 951 sapientissimis
842 853 1073 928 Sanctorum
1091 852 1258 928 Patrum
1275 851 1468 950 operibus,

232 977 317 1044 tum
348 996 394 1044 ex
424 968 650 1043 clarissimis
680 968 844 1044 ethnicis
875 968 1129 1067 scriptoribus
1160 968 1210 1043 ab
1240 966 1350 1043 omni
1383 967 1469 1041 labe

232 1085 444 1185 purgatis.'’
502 1083 673 1185 (Encycl.
701 1087 751 1160 ad
778 1084 880 1185 Epp.
907 1084 1072 1179 Galliae,
1097 1088 1147 1161 21
1174 1083 1314 1160 Martii
1340 1085 1464 1177 1853.)

232 1201 426 1277 Volumus
464 1201 582 1276 etiam
618 1208 663 1277 ut
696 1202 962 1277 Catechismus
997 1202 1211 1294 Romanus,
1245 1200 1348 1276 liber
1380 1224 1469 1275 vere

232 1343 371 1393 aureus
397 1326 478 1393 tam
505 1343 576 1417 pro
603 1317 712 1393 uberi
737 1317 914 1393 doctrina
936 1343 1055 1417 quam
1079 1343 1152 1417 pro
1178 1317 1370 1392 sermonis
1396 1316 1468 1391 ele·

231 1435 376 1532 gantis,
395 1434 461 1533 qui
488 1460 535 1509 ex
552 1433 771 1510 Tridentini
789 1433 952 1509 Concilii
977 1441 1109 1510 mente
1134 1435 1185 1509 ad
1210 1433 1468 1533 parochorum

232 1575 346 1625 usum
364 1551 615 1626 Summorum
633 1550 867 1626 Pontificum
886 1549 1004 1650 jussu
1026 1551 1155 1626 editus
1180 1549 1266 1644 fuit,
1285 1548 1329 1625 in
1347 1547 1468 1623 mani·

232 1666 305 1741 bus
330 1667 382 1741 sit
406 1667 692 1765 provectiorum
710 1666 1004 1765 discipulorum,
1022 1673 1170 1743 uttam
1194 1666 1362 1764 legendo
1383 1673 1468 1740 tum

232 1785 418 1858 vertendo
444 1782 485 1858 in
512 1783 715 1881 vulgarem
741 1808 973 1875 sermonem,
990 1783 1033 1859 in
1051 1782 1229 1858 doctrina
1246 1781 1470 1857 Christiana

233 1897 349 1974 simul
381 1908 420 1974 et
449 1898 490 1973 in
521 1898 657 1996 lingua
691 1898 815 1973 latina
848 1898 974 1997 magis
1008 1898 1223 1998 proficiant,
1250 1897 1416 1998 jamque
1446 1922 1469 1972 a

232 2014 361 2112 prima
381 2023 507 2090 aetate
531 2014 732 2114 egregium
757 2014 831 2089 hoc
856 2039 954 2114 opus
975 2013 1109 2113 magni
1135 2014 1344 2090 aestimare
1369 2028 1413 2090 ac
1428 2014 1469 2089 in

233 2131 413 2206 manibus
436 2156 592 2206 versare
618 2139 849 2207 assuescant.
905 2131 998 2230 (cfr.
1016 2131 1131 2205 (lonc.
1150 2130 1268 2206 Pron
1286 2129 1468 2206 Urbinat.

232 2272 267 2320 a.
286 2248 394 2322 1859.
448 2248 561 2322 Conc.
581 2246 697 2322 ProV.
716 2246 919 2346 Burdigal.
937 2273 973 2323 a.
991 2248 1117 2347 1868.)

284 2362 459 2462 Linguae
493 2363 663 2438 Graecae
696 2388 848 2462 quoque
881 2364 1024 2439 seriam
1057 2365 1152 2439 dent
1185 2389 1348 2462 operam
1373 2389 1471 2464 quae

232 2480 404 2573 sufficiat,
441 2487 485 2555 ut
518 2480 657 2555 saltem
692 2479 731 2554 N
733 2504 851 2554 ovum
886 2479 1178 2555 Testamentum
1213 2504 1352 2578 graece
1385 2507 1469 2556 exa·

231 2603 361 2671 ratum
391 2597 563 2694 legentes
592 2595 827 2694 intelligant.
887 2595 1101 2670 Enimvero
1131 2594 1330 2672 Ecclesiae
1359 2622 1469 2696 prae·

232 2712 473 2786 stantissima
490 2719 742 2786 monumenta
758 2737 894 2810 graece
919 2718 959 2786 et
984 2710 1106 2787 latine
1125 2710 1346 2810 conscripta
1366 2719 1468 2788 sunt.

284 2829 368 2903 148.
400 2829 546 2903 Curent
570 2831 689 2903 etiam
715 2827 894 2926 magistri
912 2827 1014 2903 utin
1033 2828 1197 2926 legendo
1214 2833 1254 2902 et
1270 2829 1469 2904 recitando

231 2946 350 3019 verba
367 2945 480 3035 clarc,
499 2944 701 3019 articulato
724 2951 765 3018 ct
781 2943 962 3019 distincte
980 2969 1024 3018 ac
1040 2969 1129 3019 cum
1146 2951 1251 3018 rocta
1267 2954 1468 3020 accentua-

230 3061 345 3154 tione‚
382 3061 621 3159 syllabarum
664 3059 895 3159 quantitatis
937 3062 1088 3135 ratione
1126 3059 1270 3152 habita,
1306 3061 1471 3137 efferant

232 3176 422 3275 discipuli,
442 3201 632 3251 memores
649 3175 789 3251 moniti
805 3175 1044 3251 Pontificalis
1063 3175 1252 3252 Romani:
1275 3181 1297 3218 “
1309 3177 1470 3253 Studete

230 3294 349 3369 verba
367 3292 451 3384 Dei,
470 3293 650 3368 videlicet
666 3292 849 3369 lectiones
866 3318 994 3368 sacras
1012 3293 1193 3368 distincte
1208 3300 1250 3368 et
1265 3303 1403 3392 aperte
1419 3296 1470 3369 ad

230 3407 528 3508 intelligentiam
555 3416 594 3484 et
627 3408 933 3483 aedificationem
966 3409 1153 3503 fidelium,
1179 3410 1325 3508 absque
1361 3409 1469 3484 omni

230 3525 431 3600 mendacio
457 3525 639 3599 falsitatis
664 3525 858 3624 proferre;
894 3550 943 3600 ne
968 3524 1113 3600 veritas
1140 3524 1365 3601 divinarum
1394 3526 1468 3602 lec-

229 3641 380 3716 tionum
408 3641 557 3715 incuria
574 3649 705 3715 vestra
730 3642 780 3715 ad
804 3639 1100 3715 instructionem
1118 3640 1363 3718 audientium
1385 3668 1465 3718 cor·

229 3756 470 3856 rumpatur.''
519 3757 594 3854 (Dc
613 3757 704 3832 Ord.
724 3756 844 3855 Lect.)
898 3756 1105 3832 Rhetorica
1121 3757 1269 3856 pariter
1285 3761 1467 3834 tradatur

229 3874 436 3949 theoretice
454 3880 492 3947 et
509 3872 675 3971 practice
692 3879 864 3970 oportet3
891 3872 932 3946 in
950 3872 1109 3972 ejusque
1126 3874 1466 3952 exercitationibus

230 3990 378 4064 alumni
398 3991 447 4064 ad
472 3990 572 4064 illud
598 3988 843 4087 potissimum
870 3989 1024 4064 dicendi
1049 4016 1171 4088 genus
1197 3989 1465 4084 instituantur,

230 4110 332 4204 quod
359 4106 606 4205 perspicuum
627 4112 687 4180 est
712 4112 751 4179 et
776 4105 953 4203 simplas,
972 4105 1067 4204 quin
1092 4114 1224 4181 tamen
1249 4106 1463 4197 incultu1n3

230 4224 395 4297 sublime
421 4230 460 4296 et
486 4222 686 4320 dignitatis
717 4223 889 4320 plenum,
915 4222 1010 4320 quin
1044 4229 1174 4297 tamen
1209 4221 1393 4298 inflatum
1428 4233 1465 4298 et

229 4339 442 4436 turgidum.
500 4339 628 4437 (Cone.
655 4364 764 4437 prou.
793 4337 1207 4434 Ravennat.a.1855,)

282 4457 365 4529 149.
402 4456 562 4529 Praeter
580 4463 793 4528 memorata
811 4453 940 4528 studia
956 4453 998 4528 in
1016 4454 1234 4528 seminariis
1251 4481 1463 4553 puerorum

230 4571 400 4645 studiose
426 4596 577 4670 quoque
604 4571 793 4643 tradenda
818 4569 892 4644 erit
918 4564 1096 4645 Historia
1119 4578 1204 4645 tum
1234 4570 1354 4646 Sacra
1377 4580 1461 4645 tum
