3142 5242
143 462 208 525 216
295 438 303 453 ⁰
636 476 881 521 aeenxnu.

142 632 287 719 Perdise:
301 651 327 697 v
349 632 454 698 kalen.
469 631 631 719 Septemb.
646 650 826 711 ΜΠ,
841 633 981 719 itemque
1000 630 1261 697 Cornitutionoe
1282 630 1381 696 Inuo-

138 739 234 803 oentii
259 737 309 803 X.
331 760 397 801 non
421 759 491 803 esee
512 736 555 801 de
577 736 728 801 domibus
750 752 849 823 atque
872 734 1019 823 hospitiis
1039 735 1236 800 missionum
1258 734 1379 799 intelli·

139 839 282 929 gendns.¹
326 842 379 906 Ac
395 842 510 905 merito
521 838 664 928 quidem,
678 862 755 905 nam
773 862 878 927 quum
894 838 1033 903 dubium
1054 836 1250 903 iamdudum
1271 838 1379 903 faint

140 947 338 1032 propositum
359 944 518 1011 Clementi
534 942 657 1027 VIII.,
670 958 781 1009 utrum
802 943 944 1031 religiosi
957 943 1023 1007 riri
1041 941 1086 1008 sd
1107 941 1216 1008 Indos
1232 942 1325 1007 missi
1343 942 1376 1007 iu

139 1048 297 1114 culturam
320 1049 500 1113 animarum
523 1047 730 1114 existimandi
751 1060 854 1114 essent
874 1048 969 1134 quasi
989 1047 1092 1113 vitam
1112 1046 1269 1133 degentes
1290 1056 1379 1111 extra

138 1153 282 1218 oenotri
304 1168 404 1241 septa,
426 1151 623 1240 proindeque
643 1151 813 1240 Episcopis
831 1151 960 1217 subm
979 1150 1173 1216 Tridentino
1198 1150 1271 1238 lege
1291 1149 1377 1216 iube

140 1272 261 1337 rentur,
277 1256 430 1323 Pontifex
452 1256 510 1322 ille
530 1279 588 1344 per
599 1254 870 1323 Constitutionem
883 1256 1109 1339 Religioeomm
1120 1276 1378 1343 quorumcumque

141 1378 181 1427 vr
197 1360 278 1426 Idus
292 1361 490 1427 Novembris
503 1379 603 1444 unct,
615 1359 799 1427 decreverat
816 1382 871 1425 eos
883 1362 906 1396 “
914 1357 1108 1447 reputandas
1122 1382 1192 1425 we
1211 1368 1376 1448 tamquam

139 1464 304 1552 religiosos
325 1464 473 1531 virentes
493 1466 580 1531 intra
600 1462 771 1531 claustra''
790 1464 999 1552 quamobrem
1023 1462 1092 1528 “in
1113 1465 1377 1531 concernentibus

139 1591 248 1634 curam
269 1569 451 1635 animarum
464 1567 640 1635 Ordinatio
661 1568 723 1633 loci
743 1568 889 1634 subesse:
910 1568 946 1633 in
959 1567 1092 1656 reliquis
1104 1590 1184 1634 vcro
1196 1590 1265 1635 non
1278 1568 1378 1634 Ordi-

140 1674 232 1739 nario
246 1672 318 1755 loci,
332 1673 389 1738 sed
409 1673 477 1738 suis
497 1671 716 1759 superioribus
734 1672 892 1737 subiectos
912 1670 1107 1737 remanere.”
1151 1672 1269 1760 Neque
1287 1672 1377 1740 aliud

138 1778 239 1842 sensit
251 1777 469 1864 iudimritque
482 1775 675 1842 Benedictus
687 1776 796 1843 XIV.
810 1775 846 1841 in
863 1776 933 1841 suis
949 1775 1246 1842 Constitutionibus
1260 1778 1379 1863 Quo*

139 1881 185 1945 ris
206 1900 231 1947 v
254 1880 359 1947 kalen.
387 1880 500 1946 Martii
529 1898 740 1964 anticorum
768 1880 848 1947 Oura
873 1903 975 1967 aupa-
997 1897 1040 1945 Π
1068 1879 1151 1945 Idus
1176 1880 1380 1947 Novembris

140 2004 284 2069 unctu,
298 1995 332 2051 et
350 1984 428 2051 Οιιηι
448 1986 532 2050 alius
548 2003 576 2051 v
593 1983 676 2049 Idus
696 1984 788 2050 Iunii
807 2003 979 2050 unoeurr.
1024 1984 1080 2049 Ex
1092 1984 1213 2072 quibus
1226 1986 1380 2052 omnibus

141 2088 254 2177 liquet,
279 2089 376 2155 etiam
405 2088 545 2175 hospitia
571 2112 610 2154 ac
635 2088 750 2155 douros
773 2090 985 2177 quantumvis
1013 2088 1193 2153 inoolamm
1216 2090 1378 2177 paucitate

140 2192 358 2280 infrequentes
371 2192 479 2275 huius,
493 2191 534 2257 de
547 2215 613 2280 quo
625 2192 745 2279 agitur,
759 2192 924 2281 privilegii
944 2192 1015 2257 iure
1026 2192 1266 2279 comprehendi,
1280 2192 1380 2282 idque

138 2319 201 2361 nou
228 2297 263 2362 in
294 2296 372 2362 locis
395 2295 499 2361 solum
523 2296 580 2362 ubi
600 2295 728 2367 Vimrii
748 2295 925 2383 apostolici,
946 2295 1003 2361 sed
1022 2295 1120 2361 etiarn
1141 2296 1200 2363 ubi
1221 2296 1379 2386 Episcopi

139 2412 289 2487 praesunt
296 2426 306 2483 3
325 2400 367 2465 dc
382 2400 551 2487 Episcopis
564 2399 650 2465 enim
664 2400 700 2465 in
710 2398 1011 2483 Constimtionibm,
1022 2422 1102 2487 quas
1115 2402 1380 2486 memoravimus,

137 2504 300 2591 agebatur.
346 2505 493 2591 Apparet
512 2504 644 2591 insuper
664 2503 820 2569 rationem
840 2504 1044 2591 potissimum
1064 2504 1280 2590 exemptionis
1301 2506 1395 2572 mis·-

137 2608 350 2673 siouariorum
371 2607 567 2696 regularium
583 2608 618 2673 in
632 2606 755 2694 Anglia
775 2629 842 2672 non
860 2629 928 2673 esse
940 2606 1171 2695 exquirendam
1193 2608 1228 2673 iu
1250 2607 1381 2697 legibus

137 2711 298 2795 civilibus,
313 2734 396 2799 quae
409 2711 569 2776 menoldis
589 2710 748 2798 erigendis
769 2710 933 2793 obessent3
953 2710 1009 2776 scd
1024 2712 1126 2798 magis
1140 2712 1175 2776 in
1189 2734 1226 2777 co
1239 2712 1378 2780 salutari

137 2838 174 2879 ae
195 2815 396 2880 nobilissimo
419 2815 605 2898 ministerio,
620 2815 707 2903 quod
720 2815 834 2881 aviris
854 2816 1036 2901 apostolicis
1057 2824 1228 2882 excreetur.
1275 2818 1379 2898 Quod

138 2941 202 2983 non
217 2919 348 2983 obscure
361 2920 550 2984 Bencdirtus
561 2919 668 2985 XIV.
679 2919 873 3006 significavit
884 2921 1041 3007 inquiens,
1053 2919 1243 3006 “regulares
1253 2922 1379 3009 Angli-

137 3046 232 3088 emae
255 3023 397 3088 missioni
422 3022 595 3087 destinatos
618 3022 697 3087 illuc
719 3023 874 3109 proficisci
897 3023 932 3087 in
956 3023 1077 3088 bonum
1100 3034 1226 3088 sanctae
1248 3024 1380 3092 nostrae

137 3125 333 3213 religionis.’'
379 3126 598 3215 Eamdemquc
620 3150 747 3191 eausam
772 3127 891 3213 pariter
913 3126 1064 3192 attulerat
1083 3127 1232 3193 Clemens
1247 3128 1377 3215 VIII,

137 3253 209 3294 eum
232 3231 273 3295 de
294 3231 457 3295 solalibus
479 3230 636 3317 religiosis
656 3231 698 3296 ad
713 3231 814 3295 Indos
835 3231 986 3318 prosectis
1006 3231 1164 3313 docuerat,
1181 3232 1266 3318 ipsos
1289 3235 1378 3299 anti-

136 3335 248 3399 stitum
263 3357 395 3399 suorum
417 3335 506 3399 iussu
528 3335 608 3399 illuc
628 3337 824 3416 concessisse,
840 3335 949 3422 ibique
962 3334 1023 3399 sub
1036 3333 1208 3421 disciplina
1222 3337 1376 3422 praefecti

137 3440 320 3524 prouinciae
330 3438 447 3504 versari
462 3443 480 3474 “
491 3439 531 3503 ud
542 3439 789 3525 praedimndum
801 3450 945 3503 sanetum
958 3439 1020 3503 Dei
1031 3439 1235 3525 evangelium
1245 3442 1377 3507 etviam

136 3543 279 3608 veritatis
294 3552 326 3607 ct
339 3543 452 3607 salutis
466 3541 778 3608 demonstrarulam.’'
823 3542 859 3606 Η
863 3544 913 3606 inc
926 3552 997 3629 post
1019 3542 1160 3608 sublatas
1181 3543 1268 3631 leges
1281 3546 1379 3613 soda-

137 3646 214 3709 litiis
229 3646 428 3729 regularibus
449 3646 597 3729 iufeusas,
611 3655 644 3710 et
665 3645 843 3711 hierarchia
862 3645 1017 3711 catholica
1039 3648 1073 3711 in
1095 3647 1259 3734 integrum
1281 3652 1378 3716 resti-

136 3759 214 3831 tuta,
231 3749 292 3835 ipsi
308 3749 539 3813 Britannorum
555 3750 706 3835 Episcopi
727 3750 761 3813 in
780 3749 879 3836 priori
895 3750 1025 3835 Synodo
1040 3750 1085 3815 W
1085 3754 1379 3821 cstmouastcriensi

135 3853 238 3918 testati
261 3864 347 3936 sunt,
369 3866 438 3917 rata
459 3854 521 3917 sibi
544 3853 713 3939 privilegia
735 3853 812 3936 fore,
828 3854 975 3939 “quilms
996 3854 1062 3919 viri
1084 3854 1224 3939 religiosi
1248 3858 1318 3922 suis
1342 3861 1377 3922 in

135 3956 283 4021 domibus
297 3957 350 4021 vel
366 3970 457 4021 extra
479 3956 621 4042 legitime
642 3955 812 4043 gaudent''
827 3958 976 4043 quamvis
992 3961 1110 4021 “extra
1129 3962 1325 4026 monasteria
1340 3976 1379 4029 ut

135 4060 313 4145 plurimum
327 4058 477 4146 degant.”

178 4163 395 4243 Qruunobrem
413 4165 444 4228 in
460 4165 615 4251 pmcseuti
632 4166 727 4230 ctiam
740 4164 897 4230 Ecclesiae
911 4165 1081 4230 catholicae
1094 4165 1181 4251 apud
1195 4166 1381 4238 Britannos

134 4267 314 4331 conditione
335 4267 493 4332 declarare
515 4291 580 4331 uon
602 4269 806 4334 dubitamus:
844 4269 1028 4353 Regulares,
1051 4269 1107 4355 qui
1134 4269 1168 4332 in
1190 4272 1380 4339 residentiis

134 4370 319 4433 missionum
342 4381 588 4453 commorantur,
611 4382 775 4456 exemptos
796 4394 862 4436 esse
887 4372 927 4435 ab
953 4371 1116 4436 Ordinurii
1141 4372 1378 4461 iurisdictione,

169 4520 210 4574 ¹8.
222 4522 316 4588 t'ougr.
328 4523 361 4575 de
380 4524 458 4590 Prop.
471 4524 537 4576 Fide
549 4526 582 4575 30
594 4524 714 4575 Ianuarii
727 4526 806 4588 16273
824 4526 854 4575 e:
869 4525 962 4575 Martii
976 4526 1037 4575 1631
1048 4544 1054 4588 ;
1073 4526 1089 4575 5
1101 4525 1222 4577 Octobris
1235 4528 1320 4589 1655;
1340 4532 1377 4581 23

133 4604 294 4670 Seps—rolris
307 4608 385 4670 180.·›;
405 4610 436 4657 29
449 4607 542 4658 Martii
556 4609 628 4658 18:34.
