3142 5242
169 448 233 513 260
336 436 342 451 '
664 464 910 512 aressnrx.

167 621 310 707 gregatio
325 621 359 686 in
374 620 562 688 dirimendis
576 619 761 686 huiusmodi
780 620 914 704 casibus,
929 619 1106 688 dummodo
1124 619 1183 690 ille
1195 619 1287 685 testis
1299 640 1401 684 raren-

167 725 238 790 sitis
259 726 495 791 conditionibus
513 727 557 791 sit
575 725 748 813 praeditus,
764 725 849 790 nulli
870 724 1049 812 exceptioni
1069 723 1243 807 obnoxius,
1256 746 1295 788 ac
1315 744 1401 809 prac-

166 837 252 894 terea
272 830 340 894 eius
361 830 519 917 depositio
543 830 617 895 aliis
641 830 859 916 gravibusque
882 827 1087 894 adminiculis
1110 827 1285 909 fulciatur3
1316 826 1401 913 sique

166 933 230 999 ulia
243 935 420 999 extrinseca
433 934 629 1000 mlnrinicula
639 934 748 1021 (elligi
763 933 894 999 omnino
908 942 1075 1020 nequeunt,
1086 931 1148 997 hoc
1161 941 1270 997 tamen
1283 941 1401 996 certum

166 1037 218 1119 sit,
234 1038 318 1103 nihil
340 1039 376 1103 in
397 1039 466 1104 eius
487 1038 671 1104 testimonio
691 1037 831 1125 reperiri,
847 1037 934 1125 quod
955 1059 1022 1103 non
1042 1037 1086 1102 sit
1106 1058 1297 1122 congruum,
1312 1045 1402 1122 atque

167 1142 298 1208 omnino
312 1143 497 1209 verisimile.

211 1250 242 1313 ὅ.
272 1247 442 1334 Contingit
457 1249 553 1313 etiam
573 1257 611 1314 ut
629 1257 724 1313 testes
743 1247 927 1314 omnimoda
949 1247 1012 1313 fide
1029 1246 1120 1333 digni
1142 1246 1354 1311 testifioentur
1372 1266 1402 1309 se

83 1428 90 1441 ι
166 1359 308 1438 tempore
321 1373 387 1417 non
401 1362 545 1439 suspecto
565 1363 700 1418 mortem
719 1353 864 1439 coniugis
883 1375 924 1417 ex
943 1351 1080 1417 aliorum
1099 1350 1304 1416 attestatione
1317 1349 1401 1414 audi-

166 1456 261 1540 visse,
280 1456 334 1521 isti
355 1466 463 1521 autem
482 1456 535 1523 vel
557 1457 635 1543 quia
655 1456 808 1539 absentes,
828 1456 883 1522 vel
904 1456 982 1543 qnia
1002 1455 1149 1538 obierint,
1168 1453 1224 1519 vel
1245 1454 1344 1519 aliam
1364 1451 1401 1518 ob

165 1584 389 1648 quamcunque
406 1561 627 1626 rationabilem
642 1583 769 1625 calisam
783 1561 961 1625 examinari
974 1567 1151 1646 neqneant;
1173 1568 1254 1623 tunc
1267 1558 1353 1623 dicta
1364 1578 1400 1622 ex

165 1664 270 1730 alieno
290 1688 355 1747 ore,
376 1674 535 1753 quatenus
555 1664 705 1731 omnibus
729 1664 802 1730 aliis
828 1665 862 1729 111
887 1687 962 1730 uasn
987 1662 1251 1729 concurrentibus
1271 1663 1400 1727 circum-

164 1770 301 1852 stantiis,
323 1779 381 1834 ant
401 1769 514 1835 saltem
536 1767 774 1856 urgentioribus
800 1768 1023 1856 respondeant,
1044 1768 1122 1833 satis
1146 1789 1215 1833 esse
1240 1776 1399 1832 censentur

165 1895 225 1961 pro
239 1882 363 1939 secutae
377 1874 490 1939 mortis
504 1873 657 1962 prudenti
672 1872 801 1940 indicia.

211 1982 242 2044 6.
265 1978 405 2060 Verum,
420 1977 507 2042 haud
529 1978 626 2043 semel
648 1979 843 2065 experientia
863 1987 1061 2065 compertum
1078 1976 1224 2057 habetur,
1240 1976 1328 2063 quod
1349 1996 1397 2040 nee

164 2106 249 2148 unns
266 2083 397 2170 quidem
417 2082 594 2169 reperiatur
609 2083 700 2149 testis
718 2082 824 2169 qualis
839 2105 937 2169 supra
955 2081 1142 2147 adstruitur.
1188 2079 1267 2147 Hoc
1283 2082 1317 2146 in
1332 2101 1395 2145 uisu

164 2188 311 2274 probatio
329 2187 437 2252 obitus
458 2211 499 2252 ex
520 2188 718 2270 coniecturis
733 2186 1056 2273 praesumptionibus
1072 2185 1200 2250 indiciis
1219 2196 1254 2250 et
1274 2184 1396 2251 adiunc-

163 2292 206 2356 tis
234 2292 498 2378 quibuseumquc,
523 2291 635 2357 sedula
662 2301 746 2356 uerte
774 2300 808 2356 et
834 2289 1009 2356 admodum
1037 2301 1130 2354 cruta
1158 2288 1395 2377 investigatione

163 2396 303 2461 curanda
317 2396 396 2478 erit3
421 2397 468 2461 ita
487 2396 653 2479 nimirum,
669 2405 707 2461 ut
723 2394 872 2482 pluribus
888 2394 966 2460 hinc
984 2393 1060 2460 inde
1075 2393 1218 2459 collectis
1232 2413 1395 2480 eorumque

164 2511 278 2565 natura
296 2523 462 2586 perpensa,
477 2508 576 2586 prout
595 2499 715 2565 scilieet
736 2500 920 2587 urgentiora
933 2498 987 2565 vel
1009 2498 1132 2564 leviora
1149 2508 1238 2582 sunt,
1252 2522 1309 2565 sen
1329 2520 1394 2585 pro

163 2605 270 2690 priore
290 2604 343 2670 vel
367 2604 536 2669 remotiore
557 2626 643 2667 nexu
664 2627 739 2668 eum
759 2604 896 2670 veritate
919 2603 1033 2668 mortis
1057 2603 1309 2689 coniunguntur,
1330 2600 1394 2665 inde

164 2709 330 2794 piamentis
345 2709 408 2772 viri
432 2707 586 2772 iudicium
606 2707 810 2772 ι111011111110111
829 2716 964 2772 mortem
984 2705 1207 2771 affirmandam
1230 2705 1394 2793 probabili·

164 2822 228 2876 tutc
250 2814 401 2894 maxima,
422 2836 477 2876 seu
499 2811 614 2876 morali
634 2811 824 2876 certitudine
844 2812 1023 2898 permoveri
1042 2812 1151 2897 possit.
1198 2812 1394 2898 Quapropter

163 2917 366 3002 ‹prurulonanr
391 2918 425 2980 in
448 2916 584 3002 singulis
610 2917 741 3011 crsibuq
759 2915 912 2980 habeatur
936 2940 978 2980 ex
1003 2915 1187 2980 huiusmodi
1217 2914 1393 2981 (onimuuis

163 3021 260 3084 simul
277 3022 454 3085 eoniumtis
470 3022 553 3085 iusta
567 3020 722 3106 probatio,
739 3019 773 3084 id
793 3021 943 3105 prrulenti
957 3019 1202 3106 relinquendum
1224 3031 1273 3085 est
1292 3018 1393 3084 iudicis

163 3126 316 3206 ar·l›itri‹‚›;
340 3127 410 3190 lrcic
424 3136 530 3190 tamen
546 3148 611 3189 non
626 3125 683 3189 abs
702 3147 736 3188 rc
756 3124 817 3189 erit
835 3125 943 3210 plures
957 3125 1096 3188 indicare
1111 3123 1215 3188 fontes
1230 3148 1272 3188 ex
1287 3123 1393 3211 quibus

164 3229 239 3294 illae
253 3231 322 3294 sive
336 3230 533 3315 urgentiores
548 3230 617 3295 sive
631 3230 727 3292 etiarn
743 3229 877 3294 leviores
891 3229 1000 3314 colligi
1014 3242 1045 3292 ct
1060 3228 1170 3291 haberi
1185 3230 1318 3314 passim.

163 3375 167 3383 ·
209 3336 238 3398 7.
267 3334 383 3419 ltaque
397 3334 429 3396 in
447 3334 561 3419 primis
580 3333 654 3397 illae
671 3333 943 3419 puresurnptioues
958 3332 1199 3419 investigandae
1212 3344 1308 3397 erunt
1323 3352 1392 3418 (lime

162 3460 325 3524 personatu
347 3439 448 3522 ipsius
469 3438 578 3502 asserti
603 3437 745 3501 defuncti
772 3439 953 3523 respiciunt,
976 3461 1120 3524 quaeque
1144 3435 1288 3522 profcto
1311 3435 1392 3500 facile

163 3543 273 3607 haberi
296 3552 448 3628 poterunt
469 3566 489 3605 a
509 3543 696 3623 coniunctis,
712 3542 832 3623 amicis,
848 3543 973 3623 vieiuiS,
991 3552 1024 3606 et
1043 3565 1175 3627 quoquo
1198 3540 1295 3606 modo
1317 3540 1391 3605 uotis

164 3648 330 3733 utriusque
344 3647 498 3732 coniugis,
545 3647 587 3710 In
603 3670 739 3732 qrrarrrnn
755 3646 901 3710 examine
916 3647 1095 3732 nquinatur
1110 3669 1154 3710 er.
1168 3669 1238 3728 qiu:

206 3751 263 3816 Aa
284 3751 350 3833 ille,
366 3751 406 3815 ‹lc
428 3752 517 3815 euius
540 3751 631 3815 obitu
652 3761 700 3815 est
721 3774 834 3833 sernro,
857 3751 949 3815 bonis
971 3750 1114 3816 moribus
1136 3750 1282 3814 imbutus
1303 3760 1390 3815 esset:

161 3856 223 3943 pie,
247 3856 454 3942 religioseque
476 3856 619 3937 viveret3
649 3878 845 3941 uxoremque
866 3854 1032 3941 ‹liligerct3
1061 3854 1185 3917 nullam
1207 3877 1276 3918 sese
1297 3851 1391 3919 occul·

160 3961 251 4025 tandi
266 3984 393 4025 eausam
409 3960 558 4040 lrabe1·et;
581 3970 691 4023 utrum
707 3959 790 4023 baua
811 3959 938 4023 stabilia
952 3958 1135 4045 possideret,
1150 3957 1204 4023 vel
1220 3959 1286 4024 alia
1300 3982 1316 4023 a
1332 3956 1390 4021 suis

161 4066 363 4154 propinquis,
378 4076 435 4129 aut
449 4063 580 4128 aliunde
595 4086 721 4149 sperare
736 4073 850 4149 posset.

204 4172 261 4236 Aa
282 4170 460 4235 discesserit
479 4169 694 4234 annuentibus
720 4191 828 4249 uxore,
852 4178 883 4232 01
904 4169 1099 4248 coniunctis;
1129 4191 1210 4254 quae
1233 4178 1311 4232 tunc
1332 4167 1391 4230 eius

160 4286 255 4358 aetas,
271 4284 303 4339 et
318 4274 470 4340 valetudo
485 4283 574 4339 esset.

204 4381 261 4446 Aa
282 4379 467 4467 aliquando,
492 4388 524 4443 et
547 4402 612 4465 quo
635 4377 704 4443 loeo
729 4377 899 4465 scripserit,
923 4387 954 4442 ct
980 4400 1058 4440 num
1084 4399 1175 4441 suam
1199 4376 1392 4443 voluntatem

160 4485 400 4573 quamprimum
437 4482 592 4549 redeundi
628 4483 796 4569 aperuerit,
826 4483 953 4570 aliaque
989 4481 1085 4547 huius
1120 4483 1246 4568 generis
1284 4479 1393 4547 indicia

160 4590 366 4677 colligantur.
