3142 5242
335 707 619 983 acra
670 808 1164 987 concini.

391 1368 650 1464 LI'FERAE
677 1369 1099 1466 APOSTOLIOAE.

126 1634 334 1755 Venerabili
352 1662 469 1756 Fratri
485 1662 616 1756 Jacobo
637 1663 804 1771 bibione,
825 1664 1100 1778 Archiepiscopo
1119 1663 1365 1755 Baltincrcnsi

458 1929 460 1932 ’
497 1975 656 2092 nnc
694 1975 808 2093 ΡΡ.
845 1974 1029 2097 niu.

128 2239 387 2306 Vnnrrannrms
409 2242 570 2324 Fnarsn,

260 2377 433 2442 Snuurnn
456 2397 501 2442 nr
524 2377 776 2442 Aeosronrcan
797 2378 1109 2443 Baunnrcrronrsn.

173 2563 236 2630 Rei
261 2564 444 2632 Catholicae
464 2565 706 2649 incrementum,
728 2565 944 2630 Ecclesiarum
973 2564 1146 2630 utilitatem
1167 2573 1200 2630 et
1220 2564 1364 2632 fidelium

128 2667 296 2734 commoda
315 2690 357 2733 ex
377 2667 487 2734 debito
508 2668 712 2755 Apostolicae
732 2669 898 2734 servitutis
926 2667 1064 2733 Nostrae
1084 2690 1149 2754 qua
1170 2676 1258 2755 patet
1278 2668 1365 2735 orbis

130 2770 337 2856 intendentes,
358 2772 399 2838 de
419 2772 667 2841 Venerabilium
698 2771 852 2838 Fratrum
880 2772 1074 2838 Nostrorum
1099 2772 1133 2838 S.
1156 2770 1198 2838 R.
1222 2771 1264 2839 E.
1286 2772 1365 2840 Car·

130 2873 288 2941 dinalium
316 2877 453 2962 negotiis
480 2876 705 2964 propagandae
733 2874 809 2941 fidei
832 2876 1087 2964 praepositorum
1108 2875 1252 2961 oonsilio,
1273 2875 1365 2942 audi-

129 2979 234 3066 tisque
246 2978 500 3047 Venerabilibus
514 2980 684 3046 Fratribus
699 2979 949 3045 Foederatarum
971 2979 1235 3066 Septentrionalis
1248 2980 1365 3046 Amer-

131 3084 196 3148 icae
216 3082 387 3149 Ditionum
409 3084 590 3171 EpiscopiS,
612 3084 799 3149 Plenarium
822 3083 1016 3166 Concilium,
1037 3106 1146 3149 mense
1174 3083 1364 3168 Novembri,

130 3186 192 3253 hoc
217 3196 363 3254 vertente
389 3211 486 3272 auno,
515 3187 711 3254 Baltimorae
741 3210 800 3275 per
833 3186 959 3253 eosdem
991 3187 1162 3253 Sacrorum
1195 3187 1365 3253 Antistites

129 3290 312 3357 habendum
326 3291 537 3377 decrevimus,
558 3300 597 3357 ut
610 3292 708 3357 iidem
730 3292 894 3379 Episcopi,
908 3291 1035 3357 collatis
1054 3291 1207 3374 consiliis,
1221 3313 1304 3378 quac
1323 3292 1364 3357 ad

129 3395 323 3480 evellendos,
352 3394 562 3484 funditusque
591 3396 762 3480 tollendos,
790 3396 819 3460 si
852 3395 910 3482 qui
944 3395 1139 3481 irrepserint,
1167 3394 1295 3479 abusus,
1323 3395 1365 3460 ad

130 3499 370 3566 ecclesiasticam
392 3499 595 3587 disciplinam
616 3500 878 3582 confirmandam,
892 3498 934 3564 ad
956 3499 1158 3564 Dioeoesium
1178 3509 1298 3564 statum
1319 3498 1366 3564 ita

129 3603 355 3686 ordinandum,
376 3612 416 3669 ut
438 3605 573 3690 propius
593 3603 636 3669 ad
656 3626 825 3669 commune
846 3602 1008 3669 Ecclesiae
1025 3604 1092 3690 jus,
1114 3612 1271 3690 quantum
1296 3603 1365 3668 fieri

129 3708 241 3796 possit,
261 3707 396 3793 accedat,
421 3717 455 3774 et
481 3707 523 3774 ad
553 3707 753 3775 Catholicam
781 3707 970 3795 religionem
1000 3707 1098 3773 latius
1126 3707 1364 3795 propagandam

129 3812 432 3901 provehendamque
467 3821 649 3899 opportuna
677 3812 711 3877 in
741 3811 884 3876 Domino
914 3810 1144 3898 judicaverint,
1173 3821 1363 3898 proponant.

130 3915 207 3983 Jam
221 3938 309 4001 vero,
323 3938 424 4003 quum
439 3915 645 3984 Venerabilis
666 3915 783 3981 Frater
802 3915 923 3981 Noster
942 3916 966 3981 J
968 3938 1084 3981 oannes
1105 3916 1138 3982 S.
1154 3916 1196 3981 R.
1214 3915 1255 3981 Ε.
1271 3915 1365 3980 Pres-

130 4019 223 4106 byter
242 4019 427 4086 Cardiualie
452 4019 662 4105 McClcskey,
683 4043 724 4084 ex
748 4018 983 4106 dispensatione
1008 4019 1206 4106 Apostolica,
1229 4019 1365 4084 Archia-

130 4125 279 4211 piscopus
300 4123 606 4207 Neo-Eboracensis,
619 4123 754 4189 adversa
767 4124 946 4189 detineatur
962 4123 1156 4206 valetudine,
1171 4123 1257 4207 Tibi,
1274 4123 1365 4192 Ven-

131 4227 259 4293 erabilis
285 4226 410 4313 Frater,
430 4230 522 4315 cujus
546 4229 666 4294 eximia
689 4228 800 4316 pictae,
822 4228 985 4293 doetrinae
1009 4250 1047 4293 ac
1071 4226 1260 4315 prudentiae
1283 4225 1363 4308 laus,

130 4332 366 4420 singularisque
378 4356 454 4420 erga
472 4332 621 4399 Sanctam
642 4332 757 4398 Sedent
776 4332 997 4419 Apostolicam
1017 4332 1095 4397 fidos
1113 4341 1146 4396 et
1163 4331 1366 4396 observantia

131 4446 296 4524 perspecta
311 4435 416 4502 Nobis
432 4445 481 4502 eat
496 4446 529 4502 et
546 4435 721 4523 explorata,
735 4435 916 4523 praefatum
930 4436 1093 4500 indicendi
1106 4435 1366 4522 convomndique

131 4540 325 4623 Concilium,
338 4541 431 4628 eique
452 4540 652 4627 praesidendi
666 4563 794 4623 munus,
809 4540 996 4627 Apostolica
1016 4540 1216 4605 Auctoritate
1236 4539 1271 4604 N
1272 4546 1386 4625 ostra„

1186 4679 1236 4714 xix
