3142 5242
658 463 902 510 APPENDIX.

176 771 863 848 IssrnncnoS.Oounnnnsr10u1s
889 791 942 844 un
968 767 1225 842 Pnor.F1un
1251 787 1389 840 sorni

275 888 619 964 Susenusrorussns
646 907 701 959 nx
728 886 972 959 Insonuere
997 883 1288 958 Conseruntur.

586 1070 659 1156 [Ad
674 1093 711 1156 p.
733 1071 805 1151 178,
823 1092 855 1134 rt.
879 1067 971 1154 310.]

207 1243 309 1311 Omni
330 1258 472 1330 tempore
492 1241 629 1308 sollicita
650 1241 715 1306 fuit
737 1239 879 1305 Ecclesia
901 1249 938 1304 ut
959 1262 1024 1303 non
1045 1237 1151 1303 solnm
1180 1260 1334 1303 aseensus
1364 1237 1406 1303 ad

163 1369 266 1415 sacros
287 1347 426 1413 Ordines
447 1345 687 1411 interdiceretur
708 1344 860 1431 indignis,
882 1365 996 1408 vorum
1017 1341 1114 1406 etiam
1142 1341 1185 1405 ab
1212 1341 1408 1406 eorumdem

163 1452 313 1518 exereitio
327 1451 489 1516 criminosi
503 1449 647 1536 suspensi
662 1456 834 1513 manerent.

207 1555 292 1622 Cum
311 1565 418 1621 eutem
440 1554 636 1619 occultorum
657 1575 785 1640 quoque
805 1552 987 1634 eriminum,
1010 1573 1152 1638 quaeque
1175 1549 1315 1637 prodere
1338 1575 1406 1617 non

162 1659 336 1747 expediret,
346 1658 450 1724 facilis
459 1667 492 1724 et
502 1668 659 1744 prompta,
671 1680 784 1743 nempe
794 1680 814 1721 a
825 1655 999 1721 iudiciariis
1010 1655 1121 1719 formis
1132 1653 1243 1737 libera,
1253 1657 1407 1722 oocrcitio

162 1762 337 1851 aliquando
361 1763 534 1828 neccssaria
557 1761 601 1827 sit
622 1761 664 1826 ad
689 1760 770 1826 sacri
790 1758 959 1825 ministerii
979 1758 1169 1844 dignitatem
1190 1766 1225 1823 et
1254 1758 1405 1824 fidelium

163 1867 334 1932 utilitatem
355 1864 527 1948 tucndnm3
556 1864 633 1930 hinc
653 1863 888 1949 sapientissimo
911 1862 1045 1927 oonsilio
1073 1861 1258 1927 Tridentini
1290 1862 1407 1928 Patres

163 1969 245 2038 Soes
269 1989 440 2056 x1v.(ep.
468 1973 496 2036 1.
519 1968 561 2034 tle
585 1968 729 2034 Reform.
752 1966 981 2033 decreverunt:
1013 1966 1090 2031 “Ei
1113 1966 1165 2030 ott-i
1189 1988 1340 2031 dicem
1359 1967 1407 2032 ad

161 2098 267 2140 sacros
287 2075 410 2139 ordines
431 2097 453 2139 a
473 2096 530 2137 suo
551 2073 699 2137 Prodato
713 2095 750 2135 ee
763 2093 952 2157 munique
972 2093 1080 2152 saiwa,
1094 2070 1186 2134 diam
1199 2070 1237 2134 ob
1252 2073 1406 2136 oecultum

162 2180 285 2262 eristen,
299 2178 525 2265 quomodolibet,
541 2177 631 2241 diam
643 2175 915 2240 estraiudicidiler
926 2174 1028 2260 fuerit
1039 2175 1227 2257 interdictus,
1238 2181 1298 2239 aed
1311 2175 1369 2262 qni
1381 2199 1406 2242 a

162 2283 228 2348 suis
238 2281 398 2347 ordinibus
408 2304 462 2346 sen
468 2281 622 2364 prodidere
634 2280 681 2344 vd
693 2278 894 2363 dipsitelibus
903 2277 1215 2363 eochsiaslicisfucrit
1223 2300 1405 2364 suspensum,

161 2388 250 2452 nulla
262 2393 370 2451 eontra
382 2386 483 2471 ipsius
496 2385 639 2448 Praelati
651 2384 831 2448 volurdatem
844 2404 985 2447 ootwessa
998 2382 1120 2446 licentio
1133 2383 1172 2446 de
1183 2404 1217 2446 se
1225 2385 1407 2467 promoveri

156 2491 313 2576 faciende,
328 2495 384 2554 avt
397 2489 442 2553 ad
456 2489 580 2575 priores
594 2488 725 2570 ordines,
738 2487 860 2571 pradus
873 2493 900 2550 et
913 2486 1076 2570 diqnt'tates
1088 2487 1150 2550 sive
1163 2485 1296 2551 horrores
1317 2489 1407 2553 resti·

161 2591 468 2681 tediosnffrapdur.”
624 2663 628 2675 ‚

206 2698 261 2763 Ex
272 2698 333 2762 hoo
346 2696 483 2783 provido
494 2695 629 2779 decreto,
641 2697 674 2760 in
690 2695 824 2783 eoquod
839 2695 975 2759 refertur
985 2695 1026 2760 ad
1041 2695 1240 2760 Clerieorum
1255 2697 1406 2780 crimina,

162 2826 242 2888 quae
256 2802 528 2866 extraiudicislcm
547 2801 784 2886 suspensionem
804 2800 846 2864 ab
864 2799 1078 2863 ecclesiasticis
1096 2797 1208 2864 officiis
1228 2812 1406 2884 merentur,

163 2906 351 2971 iamdudum
372 2907 405 2968 in
427 2928 485 2969 usu
507 2906 571 2969 fuit
589 2904 803 2988 suspensionis
818 2926 920 2989 poena
940 2926 981 2966 cx
1002 2903 1105 2965 causis
1125 2902 1275 2967 Praelnto
1297 2906 1407 2988 notis3

163 3033 244 3097 quae
258 3033 372 3094 nempe
386 3009 477 3073 audit
496 3009 660 3094 suspensio
674 3031 710 3070 cr
724 3007 892 3091 infornmto
906 3007 1096 3071 conscindite.
1142 3005 1198 3070 Ad
1219 3006 1281 3072 hoe
1295 3007 1409 3095 itaque

164 3124 201 3178 ut
221 3115 256 3178 in
278 3114 387 3178 eadem
402 3113 587 3199 infligenda,
603 3135 676 3176 cum
698 3110 809 3175 maiori
831 3134 896 3197 qun
915 3120 1019 3196 potest
1037 3111 1160 3174 cautela
1181 3120 1214 3175 et
1234 3114 1409 3179 securitate

164 3217 330 3282 Ordinatii
363 3216 589 3281 catltolitnrum
623 3215 809 3279 missionum
843 3213 1023 3300 procedant,
1053 3213 1086 3278 S.
1117 3214 1337 3301 Congregatio
1366 3217 1410 3284 de

165 3319 377 3408 Pr‹rpagenda
406 3320 489 3384 Fide
517 3329 713 3406 praesentem
743 3319 981 3382 instructionem
1008 3317 1163 3382 edendam
1188 3320 1325 3401 (sensuit,
1352 3324 1409 3387 cui

165 3425 261 3489 iidem
283 3424 449 3489 Ordinarii
471 3424 506 3487 in
527 3421 708 3487 adhibendo
729 3422 790 3486 hoc
809 3421 1061 3486 extraordinario
1081 3421 1220 3486 remedio
1239 3444 1308 3488 sese
1328 3448 1409 3490 con-

167 3528 304 3594 formare
318 3528 484 3593 curabunt.

210 3635 239 3698 1.
270 3631 441 3717 Suspensio
461 3655 501 3696 ex
522 3631 694 3696 informata
708 3630 906 3712 conscientia,
922 3654 985 3695 non
1001 3654 1088 3696 secus
1107 3655 1144 3696 ae
1164 3632 1231 3713 illa,
1248 3656 1333 3719 quae
1349 3657 1410 3720 per

165 3735 346 3800 iudicialem
365 3737 552 3810 senteutiam
572 3735 740 3820 infligitur,
756 3757 922 3820 personam
937 3735 1174 3799 ecclesiasticam
1193 3759 1214 3800 a
1232 3738 1302 3801 suis
1316 3739 1409 3803 ordi-

165 3841 269 3921 nibus,
280 3862 334 3903 seu
346 3839 508 3924 gradibus
522 3837 572 3903 vel
583 3838 795 3925 dignitatibus
805 3838 1021 3902 ecelesiasticis
1034 3839 1217 3902 exercendis
1228 3839 1408 3908 interdicit.

209 3946 239 4009 2.
256 3943 300 4008 In
312 3943 372 4007 hoe
382 3943 548 4029 praecipue
558 3942 628 4027 ipsa
638 3942 745 4006 differt
759 3965 779 4005 a
793 3941 935 4006 iudiciali
945 3943 1158 4027 suspensione,
1170 3943 1259 4029 quod
1270 3943 1409 4011 adhibe-

165 4057 219 4112 tur
229 4058 394 4134 tamquam
408 4045 697 4111 extraordinarium
711 4046 885 4109 remedium
904 4047 936 4109 in
952 4069 1085 4133 poenam
1096 4047 1226 4110 admissi
1238 4049 1407 4131 criminis3

165 4152 299 4237 itlcoquc
312 4150 354 4214 ad
369 4150 509 4214 eiusdem
521 4150 755 4235 impositionem
767 4173 832 4214 non
847 4151 1054 4236 requiruntur
1064 4173 1121 4214 nec
1131 4150 1252 4215 formae
1267 4151 1409 4219 iudicis.-

165 4255 220 4337 leS,
235 4278 293 4318 nce
306 4255 473 4319 canonicae
487 4252 727 4320 admonitiones.
764 4253 849 4319 Satis
863 4255 925 4319 erit
938 4254 1081 4340 proinde,
1094 4254 1120 4317 si
1136 4254 1307 4320 Praelatus
1321 4257 1411 4324 hane

164 4381 299 4445 poenam
321 4357 479 4443 infligens
493 4357 630 4442 simplici
649 4369 758 4421 utatur
777 4369 952 4443 praecepto,
968 4381 1033 4445 quo
1054 4358 1191 4423 declaret
1211 4382 1246 4424 se
1267 4383 1410 4446 suspen-

164 4463 284 4526 sionem
299 4461 340 4525 ab
354 4461 503 4525 exercitio
517 4483 678 4525 sacrorum
693 4459 870 4526 officiorum
886 4461 938 4526 vel
956 4462 1236 4527 ecclesiastieorum
1251 4466 1411 4530 munium

164 4564 312 4629 indicere.
