3142 5242
634 470 688 515 DE
718 470 952 518 EPISOOPIS.
1387 461 1407 524 9

173 626 346 702 Ecclesia
375 624 584 701 consociari
614 631 653 701 et
683 627 894 701 adhaerere
924 628 1049 718 debet,
1079 629 1405 726 quemadmodum

173 741 239 816 ubi
280 742 403 817 fuerit
436 741 612 817 Christus
647 741 672 817 J
674 767 761 817 esus
802 741 858 817 ibi
899 749 960 818 est
993 742 1165 818 Ecclesia
1198 742 1403 819 Catholica.

172 857 419 957 Quapropter
459 883 594 934 omnes
635 866 887 934 revereantur
929 858 1179 957 Episcopum,
1224 862 1405 957 quemad-

172 975 332 1048 modum
356 973 460 1050 idem
487 975 526 1050 S.
550 974 728 1075 Ignatius
754 973 810 1049 ait
837 974 927 1073 (Ep.
951 975 1001 1050 ad
1027 974 1178 1073 Trall.),
1201 980 1247 1048 ut
1271 972 1404 1049 Jesum

172 1088 382 1181 Christum,
400 1091 510 1189 cujus
526 1090 654 1166 locum
671 1096 786 1167 tenet.

222 1207 283 1281 12.
326 1205 691 1305 Splendidissimam
725 1207 846 1306 igitur
878 1207 979 1283 hanc
1013 1208 1255 1308 dignitatem,
1288 1234 1404 1308 quam

170 1346 258 1397 cum
284 1320 371 1421 ipso
394 1321 572 1398 Christus
596 1323 908 1416 communicavit,
932 1323 1057 1400 discat
1084 1323 1299 1423 Episcopus
1322 1323 1405 1422 ipse

25 1478 29 1486 ·
171 1439 466 1537 praecaeteris,
497 1446 543 1515 ut
575 1464 648 1538 par
677 1447 747 1534 est,
776 1439 967 1533 venerari,
998 1465 1161 1540 eamque
1193 1439 1301 1517 omni
1329 1466 1403 1540 quo

170 1560 300 1653 potest
322 1556 437 1629 modo
455 1581 610 1631 servare
634 1581 678 1630 ac
700 1554 813 1631 tueri.
866 1555 979 1646 Quod
1001 1555 1149 1655 optime
1165 1580 1209 1630 ac
1223 1555 1404 1632 facillime

171 1671 306 1768 procul
330 1671 448 1746 dubio
466 1672 614 1765 efficiet,
632 1672 667 1747 si
684 1673 917 1771 contemptis
941 1672 1058 1770 hujus
1079 1671 1216 1747 mundi
1239 1672 1403 1748 divitum

172 1810 215 1860 ac
247 1787 513 1885 potentiorum
543 1788 728 1888 opinione
752 1796 791 1864 et
817 1788 1016 1886 exemplis
1042 1786 1404 1864 omneambitionis

171 1903 345 1978 studium
363 1929 387 1978 a
404 1929 445 1979 se
462 1913 573 1980 caute
588 1904 765 2004 repellat,
784 1903 818 1979 si
842 1905 987 1980 fastum
1004 1912 1044 1980 et
1061 1904 1204 1980 saeculi
1220 1929 1402 2004 pompam

171 2026 359 2119 perpetuo
385 2029 595 2114 aversetur,
620 2020 654 2096 si
679 2028 761 2096 tota
783 2021 888 2096 vitae
913 2022 1086 2120 agendae
1107 2019 1258 2096 ratione
1281 2019 1402 2096 mani·

171 2136 267 2210 feste
291 2137 434 2234 prodat
459 2137 609 2212 nullam
635 2159 677 2213 se
699 2162 810 2236 spem
835 2143 905 2213 aut
928 2162 1063 2212 curam
1088 2161 1231 2237 ponere
1255 2135 1297 2212 in
1323 2136 1403 2212 suis

170 2276 408 2351 suorumque
429 2253 643 2328 commodis
666 2252 939 2353 conquirendis
955 2253 1019 2328 vel
1041 2251 1236 2352 augendis.
1288 2251 1403 2329 Curet

171 2374 215 2442 ut
231 2367 326 2442 haec
342 2368 515 2467 dignitas
532 2394 610 2444 non
628 2371 755 2445 solum
773 2375 858 2444 tuta
875 2377 1062 2462 servetur,
1080 2370 1150 2443 sed
1168 2368 1404 2445 incrementa

170 2482 211 2559 in
246 2484 330 2558 dies
364 2484 536 2583 accipiat,
572 2510 658 2561 eam
692 2484 741 2560 iis
775 2484 1023 2584 potissimum
1055 2485 1265 2559 virtutibus
1296 2509 1402 2561 exor-

171 2601 312 2689 nando,
347 2625 446 2699 quae
484 2600 722 2701 Episcopum
765 2600 934 2676 maxime
975 2603 1121 2692 decent,
1160 2599 1263 2676 iuter
1305 2624 1400 2701 quas

170 2717 324 2791 elucent
358 2716 571 2810 humilitas,
601 2717 742 2794 caritas
772 2724 812 2793 et
840 2717 945 2792 zelus
974 2716 1204 2792 animarum.
1255 2716 1404 2794 Audiat

171 2831 334 2908 Petrum
373 2834 416 2931 (1.
443 2832 528 2910 Pet.
555 2855 593 2909 v.
620 2836 660 2932 3)
690 2841 888 2909 vetantem
921 2832 1083 2932 nequis
1116 2831 1337 2908 dominetur
1359 2831 1402 2908 in

169 2948 296 3041 cleris,
319 2956 456 3025 contra
479 2949 701 3026 hortantem
727 2957 773 3026 ut
795 2951 863 3026 fiat
888 2950 1014 3024 forma
1038 2949 1166 3048 gregis
1189 2973 1237 3024 ex
1260 2947 1400 3024 animo.

171 3064 341 3165 Gregem
371 3064 492 3165 igitur
521 3090 635 3141 suum
665 3066 771 3142 viam
801 3065 939 3141 salutis
969 3067 1107 3140 doceat
1141 3089 1220 3140 non
1248 3069 1402 3139 tantum
1428 3136 1430 3141 ,

171 3206 264 3256 voce
288 3189 479 3280 quantum
501 3181 585 3257 vita
609 3189 650 3259 et
673 3183 861 3281 exemplo,
884 3181 1026 3281 quibus
1052 3181 1228 3256 homines
1252 3178 1403 3274 facilius

170 3304 211 3372 et
225 3296 416 3373 efficacius
438 3299 490 3373 ad
514 3305 721 3397 praecepta
743 3297 878 3375 divina
901 3304 942 3373 et
957 3296 1080 3372 vitam
1104 3304 1301 3372 aeternam
1317 3319 1402 3393 per·

170 3414 392 3490 trahuntur.
444 3414 595 3490 Audiat
619 3414 789 3490 Paulum
810 3418 854 3512 (1.
873 3414 971 3490 Tim.
1000 3435 1064 3489 111.
1082 3415 1117 3502 2,
1143 3415 1178 3505 3,
1201 3413 1247 3503 4;
1274 3410 1346 3490 Tit.
1373 3431 1401 3486 1.

172 3529 206 3622 7,
223 3529 260 3623 8,
278 3531 325 3623 9;
352 3551 397 3608 11.
412 3530 452 3631 7)
478 3530 547 3630 qui
572 3530 614 3606 in
641 3530 831 3629 Epistolis
857 3532 908 3607 ad
933 3529 1179 3605 Timotheum
1204 3535 1243 3603 et
1272 3526 1403 3601 Titum

171 3648 282 3722 dotes
310 3655 515 3722 enumerat
542 3647 683 3747 quibus
715 3647 865 3746 fulgere
893 3647 1009 3722 debet
1038 3645 1266 3744 Episcopus,
1296 3666 1402 3717 sanc·

170 3762 279 3862 tique
295 3761 478 3860 Apostoli
500 3761 650 3837 monita
674 3769 715 3838 et
738 3762 984 3838 hortamenta
1007 3768 1172 3855 secutus,
1189 3784 1254 3836 eas
1271 3783 1404 3834 omnes

171 3878 365 3954 indefesso
389 3878 518 3954 studio
542 3877 618 3953 sibi
642 3904 871 3977 comparare
896 3885 965 3954 aut
983 3877 1068 3975 jam
1093 3876 1280 3951 diuturna
1300 3898 1404 3950 exer·

171 3993 355 4070 citatione
387 4002 630 4094 comparatas
662 3997 845 4096 perficere
877 4002 1049 4069 conetur.
1118 3991 1331 4089 Praecipue
1362 3989 1405 4066 in

172 4108 285 4186 Olero
314 4111 536 4210 populoque
561 4113 733 4210 regendo
762 4135 962 4209 nunquam
992 4108 1200 4184 immemor
1226 4108 1279 4183 sit
1304 4104 1406 4182 Boni

172 4227 279 4303 illius
314 4226 488 4302 Pastoris
521 4234 562 4302 et
595 4225 780 4327 Episcopi
815 4226 1035 4301 animarum
1071 4233 1303 4315 nostrarum,
1338 4220 1429 4321 qui,

171 4343 290 4419 etiam
309 4344 382 4419 sub
398 4343 504 4443 Agni
521 4342 720 4418 mitissimi
743 4343 870 4441 figura
886 4341 1065 4439 Seipsum
1084 4340 1195 4414 nobis
1212 4362 1403 4412 commen·

172 4461 265 4536 dare
285 4459 470 4558 dignatus
492 4466 560 4535 est.
613 4459 752 4558 Itaque
776 4459 894 4534 etiam
919 4458 1012 4531 dum
1038 4454 1255 4554 legitimam
1280 4460 1405 4552 potes·

172 4584 294 4652 tatem
320 4582 481 4670 exercet,
505 4575 587 4650 sive
612 4574 987 4650 commonefaciendo
1014 4572 1097 4646 sive
1122 4569 1405 4661 comminando,
