3142 5242
299 483 355 530 DE
384 485 777 534 EXAMINATORIBUS
806 487 935 534 OLERI
965 452 1246 537 moscasrlm.
1351 473 1392 538 17

623 887 840 964 CAPUT
875 887 981 962 III.

317 1068 381 1143 Da
407 1069 783 1145 Exaumaroaarus
809 1071 939 1144 Curru
971 1071 1236 1148 Dmncasaur.

231 1238 293 1313 23.
330 1235 613 1310 “sacrosancta
648 1235 876 1311 Tridentina
910 1236 1100 1335 Synodus,
1128 1238 1226 1313 Sess,
1253 1259 1392 1333 xxm,

156 1353 233 1431 c?
261 1355 310 1429 do
336 1352 434 1444 Res,
462 1350 632 1427 decrevit
657 1359 701 1426 ut
727 1352 944 1451 Episcopus
977 1353 1207 1451 priusquam
1238 1353 1393 1429 ordines

156 1470 339 1562 conferat,
358 1466 508 1566 aliquot
532 1466 607 1543 sibi
633 1468 791 1543 adscitis
817 1469 1092 1561 sacerdotibus,
1114 1468 1279 1569 aliisque
1302 1494 1392 1569 pru·

157 1585 338 1661 dentibus
363 1581 471 1677 viris,
498 1582 656 1659 divinae
685 1584 783 1683 legis
813 1583 962 1684 peritis,
988 1589 1028 1660 et
1056 1583 1098 1660 in
1129 1585 1394 1661 ecclesiasticis

156 1699 420 1776 sanctionibus
438 1699 665 1793 exercitatis,
686 1700 1010 1776 ‘ordinandorum
1027 1726 1161 1800 genus,
1175 1726 1392 1801 personam,

157 1824 335 1911 aetatem,
361 1815 659 1909 institutionem,
689 1842 827 1909 mores,
858 1816 1074 1892 doctrinam
1100 1823 1140 1892 et
1163 1817 1280 1892 fidem
1306 1816 1393 1892 dili·
1492 1804 1495 1809 ’

156 1940 293 2031 genter
317 1931 529 2030 investiget
547 1938 587 2007 et
603 1933 822 2008 examinet!
875 1931 929 2008 Et
944 1956 975 2007 c.
997 1934 1055 2026 15,
1073 1933 1221 2026 statuit,
1239 1934 1394 2008 nullum

157 2051 407 2142 sacerdotem,
435 2047 575 2123 ‘etiam
596 2049 828 2147 regularem,
847 2074 961 2149 posse
983 2047 1241 2124 confessiones
1266 2073 1392 2125 saecu·

157 2164 314 2257 larium,
341 2163 459 2241 etiam
491 2165 746 2258 sacerdotum,
773 2165 919 2258 audire,
947 2189 1018 2240 nec
1051 2165 1101 2239 ad
1134 2163 1176 2239 id
1210 2164 1394 2241 idoneum

156 2279 343 2380 reputari,
361 2278 437 2355 nisi
454 2286 524 2356 aut
539 2280 760 2379 parochiale
779 2280 1020 2372 beneficium,
1039 2287 1108 2355 aut
1124 2282 1173 2356 ab
1191 2280 1394 2380 Episcopis

156 2422 227 2496 per
243 2422 418 2489 examen,
437 2395 470 2471 si
497 2396 577 2471 illis
594 2396 792 2473 videbitur
808 2422 892 2474 esse
915 2396 1186 2490 necessarium,
1204 2403 1273 2472 aut
1298 2396 1394 2472 alias

157 2513 320 2588 idoneus
332 2513 530 2611 judicetur
542 2519 582 2588 et
595 2513 914 2612 approbationem
938 2572 947 2589 .
975 2572 984 2590 .
1012 2512 1238 2589 ‚obtineat’
1284 2513 1392 2589 Post·

157 2654 276 2727 quam
290 2635 431 2720 autem,
446 2628 547 2703 Sess.
561 2650 691 2723 XXIV,
703 2653 734 2704 c.
749 2629 798 2704 18
810 2631 859 2704 de
871 2629 956 2704 Res.
970 2628 1235 2728 praemiserat,
1248 2627 1394 2704 anima·

156 2770 245 2820 rum
263 2743 382 2819 saluti
399 2744 570 2820 maxime
587 2745 779 2844 expedire,
797 2771 822 2821 a
838 2745 968 2844 dignis
985 2752 1026 2820 et
1040 2744 1191 2820 idoneis
1216 2744 1393 2844 parochis

156 2859 377 2959 gubernari,
396 2867 442 2936 ut
466 2859 509 2935 id
533 2860 760 2960 diligentius
786 2887 830 2936 ac
852 2861 995 2936 rectius
1012 2860 1244 2960 perficiatur,
1262 2859 1392 2954 edixit,

157 2983 340 3052 vacantes
382 2976 561 3052 ecclesias
602 2976 843 3076 parochiales
885 2975 965 3052 illis
999 2979 1191 3052 duntaxat
1228 3001 1312 3051 esse
1346 2975 1394 3050 ab

158 3092 353 3191 Episcopo
375 3093 638 3186 conferendas,
657 3092 724 3192 qui
749 3092 791 3167 in
817 3092 1093 3192 experimento,
1111 3117 1181 3167 seu
1205 3092 1392 3185 examino,

157 3233 287 3284 coram
313 3209 450 3284 eodem
476 3208 668 3307 Episcopo
695 3216 764 3285 aut
788 3209 873 3307 ejus
900 3208 1044 3283 vicario
1078 3207 1264 3307 generali,
1290 3207 1391 3283 aliis-

157 3350 232 3424 que
257 3323 589 3400 examinatoribus
614 3350 691 3400 non
718 3325 964 3425 paucioribus
990 3350 1108 3423 quam
1133 3324 1260 3400 tribus
1283 3322 1391 3399 insti·

156 3443 314 3534 tuendo,
342 3440 488 3516 fuerint
521 3440 727 3540 approbati
761 3447 802 3517 et
833 3441 964 3516 idonei
991 3440 1215 3516 renuntiati.
1269 3439 1294 3515 J
1296 3439 1393 3516 ussit

157 3563 370 3655 praeterea,
396 3581 465 3631 sex
489 3557 541 3633 ad
565 3556 696 3632 minus
722 3557 1006 3632 examinatores
1031 3557 1082 3631 ab
1107 3555 1312 3655 Episcop0,
1329 3556 1393 3631 vel

157 3674 240 3771 ejus
254 3672 412 3766 vicario,
425 3671 469 3748 in
486 3674 633 3772 synodo
650 3672 888 3767 dioecesana,
902 3672 1067 3770 singulis
1084 3671 1198 3747 annis
1216 3672 1391 3771 proponi,

159 3789 246 3888 ‘qui
272 3789 420 3889 synodo
447 3788 686 3864 satisfaciant
710 3795 750 3864 et
774 3790 824 3864 ab
848 3814 895 3863 ea
919 3788 1175 3888 probentur3’
1204 3787 1391 3888 equibus,

158 3904 390 3980 adveniente
414 3904 648 4004 parochialis
673 3904 854 3980 ecclesiae
880 3904 1089 3999 vacatione,
1106 3910 1187 3980 tres
1213 3906 1263 3979 ab
1280 3904 1391 4003 Epis·

158 4046 254 4120 copo
284 4019 398 4119 seligi
423 4019 560 4114 voluit,
587 4020 655 4118 qui
685 4045 882 4096 unacum
912 4046 958 4096 eo
987 4045 1149 4096 examen
1180 4020 1390 4120 perficiant,

158 4136 407 4236 addiditque:
452 4135 561 4212 ‘Sint
591 4162 683 4211 vero
718 4136 761 4212 hi
790 4136 1073 4212 examinatores
1106 4136 1295 4235 magistri,
1325 4161 1392 4212 sou

159 4251 346 4343 doctores,
371 4254 442 4325 aut
466 4248 656 4325 licentiati
684 4248 727 4324 in
752 4248 960 4347 theologia,
986 4255 1056 4324 aut
1083 4248 1174 4347 jure
1198 4248 1391 4342 canonice,
1506 4315 1509 4324 .

159 4364 222 4440 vel
240 4363 310 4439 alii
326 4363 467 4458 clerici,
485 4389 557 4440 seu
570 4365 781 4463 regulares
798 4364 918 4440 etiam
943 4389 991 4439 ex
1013 4364 1149 4439 ordine
1173 4363 1391 4438 mendican-

159 4479 271 4574 tium,
289 4488 357 4555 aut
381 4480 500 4555 etiam
526 4480 753 4574 saeculares,
770 4479 838 4579 qui
864 4482 915 4556 ad
938 4479 982 4555 id
1007 4480 1244 4555 videbuntur
1268 4478 1393 4577 magis

159 4593 312 4687 idonei3
340 4593 552 4693 jurantque
575 4618 711 4670 omnes
736 4597 789 4671 ad
821 4595 963 4670 Sancta
989 4594 1063 4670 Dei
1090 4595 1315 4693 Evangelia,
1341 4619 1393 4688 se,

548 4792 564 4827 U
