3142 5242
82 498 86 517 ,
172 447 235 510 108
293 461 478 510 arnonus
502 460 678 508 v1.-nn
707 459 978 508 suvasrurrs
1007 457 1339 507 rnsrrrumona.

222 616 348 692 Laicis
376 615 494 693 etiam
520 617 612 715 jura
638 617 830 715 quaedam
859 622 900 692 et
929 614 1134 715 privilegia
1161 639 1233 714 per
1260 618 1406 690 statuta

170 734 398 811 dioecesana
427 733 641 808 accuratius
672 731 903 826 definienda,
932 733 1060 833 quoad
1093 731 1247 807 scholas
1275 755 1406 807 conoe·

169 853 337 942 dantur;
381 849 501 926 salvis
538 848 695 948 juribus
729 847 994 925 ecclesiasticis
1028 849 1156 947 quoad
1197 847 1407 947 magistros

168 966 429 1043 instituendos
451 967 515 1042 vel
539 965 803 1058 dimittendos,
822 989 970 1041 necnon
993 965 1122 1063 quoad
1144 963 1406 1064 disciplinam,

169 1090 209 1159 et
224 1082 477 1159 directionem
495 1082 705 1159 doctrinae.

219 1201 305 1276 203.
333 1199 527 1288 Quoniam
545 1224 638 1275 vero
662 1206 787 1275 status
813 1206 853 1275 et
877 1198 1160 1274 incrementum
1183 1198 1407 1274 scholarum

169 1323 391 1391 nostrarum
409 1315 579 1391 maxime
602 1316 652 1390 ab
674 1315 885 1391 idoneitate
906 1313 1183 1413 magistrorum
1202 1315 1406 1413 dependet,

168 1456 324 1508 summa
340 1457 434 1507 cura
450 1431 492 1506 in
509 1457 554 1508 eo
572 1433 753 1531 ponenda
769 1438 839 1524 est,
859 1438 998 1507 utnon
1016 1429 1201 1506 nisibeni
1219 1437 1261 1506 et
1274 1429 1407 1507 idonei

168 1554 436 1647 praeceptores
454 1547 503 1623 iis
520 1547 806 1648 praeficiantur.
854 1547 992 1646 Itaque
1010 1546 1218 1622 statuimus
1236 1571 1282 1622 ac
1297 1572 1406 1622 man·

168 1665 318 1757 damus,
337 1670 382 1740 ut
407 1690 520 1739 nemo
545 1665 596 1739 ad
618 1689 762 1739 munus
786 1663 949 1740 docendi
971 1663 1013 1738 in
1037 1663 1168 1738 schola
1190 1661 1407 1763 parochiali

166 1778 209 1854 in
226 1780 357 1856 futuro
376 1779 617 1873 admittatur,
633 1778 708 1854 nisi
722 1779 789 1879 qui
807 1779 966 1878 praevio
979 1779 1157 1855 examine
1174 1804 1216 1854 se
1233 1779 1406 1855 habilem

166 1902 206 1971 et
222 1895 406 1971 idoneum
423 1896 658 1995 probaverit.

219 2011 404 2111 Episcopi
427 2012 549 2112 igitur
565 2011 670 2088 intra
687 2038 833 2088 aunum
858 2040 881 2088 a
907 2012 1220 2112 promulgatione
1244 2010 1406 2088 Concilii

166 2153 289 2204 unum
307 2129 371 2204 vel
395 2129 528 2228 plures
554 2132 772 2206 sacerdotes
798 2155 930 2205 rerum
956 2131 1005 2204 ad
1032 2128 1183 2204 scholas
1209 2127 1405 2228 pertinen·

163 2244 265 2319 tium
288 2244 548 2344 peritissimos
575 2245 844 2338 nominabunt,
862 2245 930 2345 qui
958 2245 1273 2321 “Dioecesanam
1294 2245 1404 2320 Com·

163 2360 390 2435 missionem
419 2359 762 2436 Examinationis”
789 2361 1035 2438 constituent.
1088 2361 1127 2436 N
1129 2360 1408 2437 ominabuntur

165 2501 287 2576 usque
310 2479 361 2552 ad
385 2477 682 2570 revocationem,
700 2484 741 2553 et
764 2477 954 2553 nominati
976 2478 1170 2577 Episcopo
1197 2476 1239 2552 in
1267 2501 1406 2553 manus

164 2592 393 2668 solemniter
417 2593 658 2692 promittent,
677 2619 718 2668 se
746 2619 906 2669 munere
930 2620 1000 2669 suo
1021 2595 1136 2692 juxta
1158 2618 1340 2670 normam
1359 2594 1406 2669 ab

165 2708 359 2808 Episcopo
383 2710 457 2784 sibi
482 2711 713 2785 tradendam
740 2717 779 2786 et
804 2712 854 2785 ad
880 2713 1009 2803 finem,
1028 2711 1077 2785 ob
1101 2735 1217 2810 quem
1243 2734 1405 2786 examen

162 2823 396 2919 instituitur,
436 2852 507 2925 pro
547 2826 696 2901 viribus
739 2828 1023 2925 assequendum
1067 2852 1150 2901 esse
1193 2827 1404 2902 functuros.

165 2941 296 3040 Hujus
320 2942 604 3017 commissionis
629 2943 705 3018 erit
728 2969 862 3018 omnes
887 2944 1094 3042 magistros
1118 2968 1161 3018 ac
1185 2943 1404 3041 magistras,

164 3056 247 3133 sive
276 3059 478 3157 religiosos
509 3058 748 3158 pertinentes
779 3061 829 3135 ad
859 3060 1195 3158 congregationem
1232 3060 1404 3158 aliquam

164 3174 443 3267 dioecesanam,
479 3176 561 3250 sive
596 3177 823 3269 saeculares,
859 3176 925 3275 qui
966 3201 1126 3250 munere
1161 3177 1327 3251 docendi
1364 3175 1404 3250 in

166 3290 307 3365 scholis
342 3292 629 3390 parochialibus
664 3290 705 3365 in
740 3293 871 3367 futuro
911 3292 1021 3391 fungi
1056 3291 1229 3389 cupiunt,
1261 3291 1403 3367 exami-

165 3432 270 3499 nare,
297 3406 439 3505 eisque,
464 3408 496 3481 si
523 3407 682 3482 idoneos
708 3408 935 3506 repererint,
963 3407 1230 3482 testimonium
1257 3405 1403 3483 idonei·

162 3523 256 3598 tatis
280 3524 343 3598 vol
370 3524 545 3622 diploma
571 3524 767 3622 praebere,
790 3525 873 3599 sine
899 3550 975 3623 quo
1003 3524 1101 3599 nulli
1128 3524 1321 3599 sacerdoti
1347 3525 1403 3598 fas

163 3639 238 3714 erit
271 3640 503 3738 magistrum
539 3641 600 3714 vel
637 3640 865 3738 magistram
902 3642 1024 3715 ullam
1064 3639 1155 3739 (nisi
1192 3641 1278 3738 jam
1315 3647 1403 3717 ente

162 3757 459 3831 celebrationem
488 3756 649 3830 Concilii
677 3757 892 3856 docuerint)
920 3783 992 3855 pro
1016 3757 1239 3846 scholasua
1260 3760 1402 3834 condu-

162 3896 258 3947 cere.
311 3873 424 3961 Quod
448 3873 623 3970 diploma
647 3875 697 3947 ad
721 3873 891 3972 quinque
915 3898 1037 3947 annos
1061 3898 1105 3947 ac
1127 3897 1199 3970 pro
1221 3874 1403 3949 omnibus

163 3988 401 4064 dioecesibus
435 3989 590 4062 valebit.
656 3989 741 4077 Quo
777 3997 951 4087 tempore
985 3989 1129 4087 elapso,
1160 3989 1331 4065 alterum
1365 3996 1403 4065 et

161 4105 342 4179 ultimum
380 4131 541 4178 exauren
577 4131 599 4178 a
634 4105 832 4202 magistris
867 4105 1097 4203 requiretur.
1165 4104 1222 4179 Iis
1259 4116 1401 4199 autem,

160 4245 256 4319 quos
282 4220 323 4295 in
351 4247 426 4295 uno
445 4221 507 4294 vel
534 4221 656 4295 altero
682 4220 859 4295 examine
884 4222 1043 4295 idoneos
1068 4247 1145 4295 uon
1171 4223 1401 4319 repererint,

161 4335 336 4434 diploma
353 4362 596 4435 nequaquam
615 4337 774 4430 dabunt,
793 4339 861 4412 sed
880 4338 929 4411 ad
947 4362 1108 4411 examen
1127 4337 1221 4412 anni
1240 4363 1400 4437 sequen·

160 4450 212 4525 tis
229 4480 294 4527 eos
311 4455 551 4550 relegabant.

213 4569 298 4642 Hoc
321 4595 483 4643 examen
507 4569 626 4642 semol
651 4570 691 4642 in
717 4595 818 4644 anno
837 4571 1084 4661 instituetur,
1111 4594 1181 4667 pro
1201 4571 1400 4646 sodalibus
