3142 5242
229 480 271 545 72
355 495 538 541 TITULUS
564 494 717 542 t'.-1>r:
746 494 1026 540 CLERICORUM
1055 493 1352 542 Enucffloa’n.

228 651 371 726 teneris
390 649 502 724 annis
519 657 604 724 tum
623 651 673 724 ad
697 649 882 748 pietatem
901 649 1144 750 solidamque
1160 649 1359 743 virtutem,
1377 658 1463 725 tum

229 770 278 843 ad
310 767 459 842 litteras
486 764 773 864 severioresque
799 764 1036 864 disciplinas,
1063 766 1291 864 praesertim
1323 791 1462 858 sacras,

227 884 302 959 rite
336 882 605 957 informentur.
675 882 804 972 Quare
838 882 950 957 vobis
984 882 1084 957 nihil
1119 882 1329 981 antiquius,
1363 881 1463 957 nihil

228 1000 358 1099 potius
383 1025 465 1074 esse
490 1000 613 1092 debet,
632 1025 750 1099 quam
775 998 882 1074 omni
906 1023 1035 1097 opera,
1054 998 1238 1091 sollertia,
1257 998 1462 1092 industria,

228 1117 454 1191 clericerum
490 1115 698 1190 seminaria
728 1142 775 1191 ex
805 1115 1122 1191 Tridentinorum
1153 1115 1319 1191 Patrum
1353 1141 1462 1214 prae·

229 1233 371 1331 scripte
400 1232 614 1325 instituere,
643 1231 676 1307 si
708 1235 881 1308 nondum
913 1231 1095 1324 existunt,
1123 1240 1240 1330 atque
1269 1230 1461 1322 instituta,

229 1349 261 1423 si
289 1375 385 1446 epus
412 1348 539 1439 fuerit,
559 1350 795 1448 amplificare
822 1374 941 1447 eaque
967 1347 1126 1447 optimis
1153 1348 1462 1423 moderatoribus

228 1474 268 1541 et
292 1465 489 1564 magistris
517 1465 745 1540 instruere.''

279 1585 362 1658 139.
394 1580 556 1656 Concilii
583 1581 800 1657 Tridentini
828 1583 980 1656 decreto
1007 1582 1336 1680 summorumque
1362 1581 1460 1656 Pon·

227 1699 375 1773 tificum
407 1697 566 1772 monitis
596 1697 815 1790 inhaerens,
843 1696 1057 1772 Concilium
1085 1696 1313 1772 Plenarium
1340 1696 1461 1773 Balti·

228 1840 405 1889 morense
424 1814 478 1888 ΙΙ.
498 1814 569 1889 hoc
593 1814 685 1888 tulit
709 1815 926 1890 decretum:
955 1812 1114 1889 “Valde
1130 1813 1248 1888 etiam
1270 1822 1461 1913 optamus,

227 1939 272 2006 ut
289 1940 442 2030 praeter
468 1931 594 2028 majus
621 1933 641 1976 '³‘
666 1933 686 1976 ’¹‘
712 1932 732 1975 '¹‘
757 1929 1023 2025 seminarium,
1040 1929 1148 2005 aliud
1166 1930 1270 2029 quod
1295 1956 1461 2029 parvum

227 2055 296 2122 aut
321 2046 656 2146 praeparatorium
683 2045 893 2140 vocantia
919 2072 1149 2145 unaquaque
1174 2045 1340 2121 dioecesi
1366 2046 1461 2122 exis·

227 2170 296 2238 tat.
349 2164 462 2252 Quod
492 2162 525 2236 si
556 2165 730 2238 nondum
761 2163 845 2238 fieri
879 2162 1014 2262 possit,
1046 2187 1168 2237 unum
1199 2162 1360 2238 omnino
1391 2188 1461 2262 pro

228 2305 457 2378 unaquaque
483 2279 684 2377 provincia
710 2279 980 2354 constituatur.
1032 2278 1122 2353 Non
1149 2303 1273 2377 parva
1298 2304 1394 2355 sane
1417 2304 1463 2355 ex

227 2396 360 2494 parvis
395 2397 498 2470 hisce
533 2395 753 2470 seminariis
788 2394 941 2494 capitur
975 2394 1135 2470 utilitas.
1188 2395 1237 2469 In
1272 2395 1323 2470 iis
1358 2394 1462 2471 enim

227 2512 504 2586 adolescentuli
534 2511 699 2586 certiora
728 2511 770 2586 in
801 2512 884 2587 dies
915 2510 1060 2587 indicia
1092 2512 1270 2610 prodent,
1302 2512 1462 2613 quinam

226 2628 394 2703 clericali
421 2628 584 2703 militiae
616 2627 859 2703 adscribendi
890 2626 980 2721 sint,
1006 2627 1166 2727 quinam
1193 2628 1242 2702 ab
1267 2654 1315 2703 ea
1338 2629 1461 2728 repel-

227 2744 344 2820 lendi.
398 2746 604 2819 Praeterea
630 2744 841 2819 tenerrima
858 2770 1068 2844 puerorum
1086 2745 1257 2819 aetatula
1281 2771 1306 2820 a
1329 2745 1462 2844 pravis

227 2863 414 2959 exemplis
432 2869 471 2935 et
488 2863 686 2936 mundana
703 2860 994 2935 conversatione
1014 2867 1100 2935 tuta
1117 2860 1349 2954 defenditur,
1368 2863 1462 2936 dum

227 2977 402 3051 doctrina
428 2985 467 3051 et
492 2976 665 3051 moribus
692 3002 732 3051 se
759 2985 910 3075 parant,
935 2976 1171 3074 idoneosque
1195 2979 1378 3071 reddunt,
1396 2977 1461 3077 qui

227 3092 268 3166 in
299 3093 507 3167 seminaria
536 3093 684 3190 majora
716 3093 985 3168 admittantur.
1047 3092 1208 3167 Habent
1241 3093 1362 3168 etiam
1392 3094 1463 3168 hoc

226 3210 430 3300 commodi,
463 3217 506 3283 ut
535 3234 622 3283 cum
654 3208 694 3282 in
726 3209 774 3284 iis
804 3235 850 3284 ea
880 3209 1012 3284 omnia
1041 3234 1140 3308 quae
1170 3210 1221 3283 ad
1255 3209 1390 3285 literas
1419 3235 1462 3285 ac

227 3325 426 3399 scientiam
458 3327 661 3423 profanam
693 3325 888 3424 pertinent
923 3327 1143 3417 doceantur,
1175 3325 1216 3399 in
1248 3327 1462 3424 majoribus

227 3440 436 3538 Theologia
461 3448 614 3515 tantum
641 3448 680 3515 et
706 3442 934 3539 disciplinae
957 3466 1088 3516 sacrae
1104 3441 1310 3517 discendae
1328 3469 1460 3541 super-

226 3556 338 3631 sint.’'
396 3556 450 3654 (N
452 3583 485 3631 o.
506 3559 605 3656 175.)
663 3556 782 3655 Cujus
808 3557 951 3631 decreti
978 3556 1252 3649 executionem,
1270 3567 1461 3656 quatenus

226 3699 323 3771 opus
342 3673 402 3764 sit,
422 3673 590 3748 maxime
609 3700 801 3771 urgemus.

277 3791 360 3863 140.
388 3789 445 3863 Ut
463 3815 564 3881 vere,
577 3799 695 3886 prout
710 3815 841 3864 rerum
860 3816 904 3864 ac
920 3797 1142 3888 temporum
1159 3791 1258 3866 ratio
1277 3792 1460 3889 postulat,

225 3905 312 4003 ipsa
345 3931 554 4003 puerorum
592 3905 812 3998 seminaria,
847 3906 951 3980 hisce
989 3905 1030 3980 in
1065 3907 1237 3981 Statibus
1272 3933 1350 4006 qua
1383 3908 1462 3983 late

226 4028 371 4120 patent,
400 4023 450 4096 ad
479 4021 753 4095 accuratiorem
784 4048 962 4095 normam
988 4022 1227 4119 redigantur,
1254 4024 1458 4121 maj0rem-

225 4164 299 4237 que
334 4138 498 4236 proinde
529 4137 723 4212 Ecclesiae
757 4138 966 4212 utilitatem
1001 4163 1138 4236 parere
1167 4140 1336 4231 valeant,
1368 4141 1460 4215 haec

225 4256 404 4354 Synodus
422 4254 536 4351 plura
553 4261 683 4328 censet
700 4254 926 4351 adjicienda,
945 4280 1044 4352 quae
1061 4255 1286 4351 hujusmodi
1304 4255 1458 4330 institu-

226 4378 354 4445 torum
381 4372 630 4444 moderamen
657 4395 700 4443 ac
726 4371 900 4468 regimen
927 4371 1134 4468 attingunt,
1163 4396 1311 4445 necnon
1337 4372 1458 4446 studi·

226 4513 338 4561 orum
356 4486 546 4560 rationem
565 4486 862 4583 religiosamque
880 4486 984 4560 ritae
1001 4487 1298 4561 institutionem.
