3142 5242
441 473 496 519 nn
524 474 676 520 causrs
705 474 1136 522 usraruomamnus
1341 458 1405 522 267

215 630 376 710 Quamvis
405 630 613 716 appellationi
649 629 896 717 interponendae
925 630 1011 695 nulli
1046 631 1157 695 fatales
1186 629 1254 695 dies
1282 630 1405 697 vinculi

170 732 329 798 defensori
349 735 460 798 statuti
479 735 554 816 sint,
569 735 746 799 curandum
761 744 866 799 tamen
884 745 920 799 ut
935 736 1122 821 quantocius
1141 735 1175 799 id
1197 736 1261 800 fiat.
1307 734 1405 814 Quod

169 838 197 902 si
213 838 361 902 defensor
383 839 450 925 ipse
471 837 532 904 hoc
553 862 672 904 munus
694 838 879 924 neglexerit,
894 838 1044 926 compelli
1065 838 1106 903 ad
1128 838 1162 903 id
1184 839 1301 925 poterit
1315 839 1366 903 vel
1386 863 1406 904 a

169 962 229 1005 suo
248 940 418 1027 Episcopo,
434 941 486 1007 vel
507 942 602 1007 etiam
622 943 663 1007 ab
683 943 751 1025 illo,
766 942 852 1029 apud
872 966 967 1029 quem
987 943 1027 1008 de
1047 942 1115 1007 iure
1134 942 1306 1029 appellatio
1326 950 1406 1008 esset

169 1044 323 1110 facienda.

214 1150 231 1226 ἓ
252 1151 304 1215 26.
328 1149 419 1216 Ordo
438 1149 663 1237 appellationis
678 1152 737 1215 erit
758 1161 854 1238 prout
873 1150 1026 1237 sequitur.
1070 1151 1105 1217 Si
1126 1152 1231 1237 prima
1250 1153 1405 1217 sententia

168 1275 189 1318 a
209 1254 298 1318 curia
320 1254 505 1340 Episcopali
528 1255 593 1320 lata
614 1254 721 1337 suerit,
736 1255 910 1341 appellatio
932 1256 986 1319 fiet
1007 1255 1049 1320 ad
1070 1257 1191 1319 curiam
1214 1255 1404 1341 Metropoli-

168 1365 275 1422 tanam
287 1384 296 1440 3
318 1360 345 1422 si
365 1381 442 1424 vero
463 1381 484 1424 a
504 1359 593 1424 curia
616 1359 865 1446 Metropolitana
887 1382 923 1424 ea
943 1359 1107 1444 prodierit,
1127 1359 1342 1446 appellabitur
1362 1359 1403 1424 ad

168 1463 290 1527 curiam
322 1461 574 1549 Metropolitana
599 1464 795 1529 viciniorem.
855 1462 911 1528 Ad
941 1462 973 1528 S.
1001 1463 1114 1528 Sedem
1143 1463 1315 1549 appellatio
1344 1463 1403 1528 erit

167 1587 291 1652 semper
312 1566 466 1649 facienda,
485 1567 609 1653 quoties
630 1568 753 1654 primae
774 1566 856 1632 duae
877 1568 1049 1632 sententiae
1071 1567 1153 1632 inter
1172 1590 1211 1632 se.
1227 1567 1404 1632 conformes

167 1691 234 1734 non
254 1670 387 1754 suerint,
402 1671 465 1736 nisi
486 1671 631 1758 partibus
652 1672 809 1760 placuerit
830 1694 972 1737 caussam
993 1673 1034 1737 ad
1057 1672 1157 1758 ipsam
1181 1672 1214 1737 S.
1230 1670 1343 1737 Sedem
1362 1671 1404 1737 ab

167 1773 260 1838 initio
275 1784 307 1839 et
320 1774 503 1840 immediate
516 1774 649 1841 deserte.

212 1878 228 1955 §
252 1880 304 1944 27.
329 1879 430 1944 Facta
449 1879 673 1965 appellatione,
689 1879 870 1966 Episcopus
891 1902 945 1944 seu
969 1878 1161 1944 Ordinarius
1182 1879 1239 1965 qui
1261 1880 1403 1965 primunr

166 1984 353 2047 sententiam
368 1984 513 2069 protulit,
528 2006 598 2048 eam
612 1985 772 2048 remittere
786 1982 913 2048 debebit
934 2006 996 2048 una
1016 2006 1089 2047 cum
1106 1984 1230 2068 integro
1244 2006 1402 2069 processu,

166 2086 358 2173 caeterisque
372 2087 522 2152 omnibns
536 2087 576 2152 ad
592 2111 732 2152 caussam
755 2087 872 2151 iterum
887 2086 1091 2152 iudicandam
1105 2087 1346 2173 pertinentibus,
1361 2088 1402 2153 ad

165 2191 308 2256 tribunal
322 2191 364 2256 ad
378 2190 465 2277 quod
480 2191 678 2277 appellatum
694 2202 749 2257 est.

596 2365 646 2430 De
659 2367 794 2430 secunda
808 2367 968 2432 testardie.

211 2521 227 2596 ἓ
251 2523 302 2586 28.
333 2520 408 2585 Hoc
436 2530 543 2585 autem
572 2519 681 2585 omnia
709 2543 729 2584 a
757 2520 862 2606 primo
889 2520 1046 2585 tribunali
1075 2530 1201 2606 peracta
1229 2521 1402 2608 diligenter

165 2624 373 2707 examinabit,
394 2635 490 2711 atque
512 2647 549 2688 ea
570 2624 678 2688 omnia
699 2633 828 2710 peraget
849 2647 931 2710 quae
952 2625 1123 2688 neccssaria
1144 2624 1349 2705 videbuntur,
1366 2635 1402 2688 ut

165 2727 305 2791 defectus
316 2727 535 2813 suppleantur,
547 2727 646 2792 dubia
656 2726 867 2809 elucidantur,
879 2736 911 2791 et
921 2750 1041 2792 errores
1055 2728 1264 2815 corrigantur.
1302 2729 1402 2793 Hunc

166 2831 200 2894 in
221 2832 328 2913 finem,
342 2842 506 2919 praesente
526 2853 652 2916 semper
672 2830 797 2897 vinculi
815 2830 980 2896 defensore
1000 2831 1036 2895 in
1057 2831 1145 2896 curia
1161 2831 1334 2897 constituto
1348 2832 1401 2898 vel

165 2936 342 3022 specialiter
370 2936 524 3021 delegato,
553 2935 704 3023 coniuges
732 2935 940 3017 examinabit,
969 2935 1229 3022 investigationes
1258 2936 1403 3002 instituet

165 3039 248 3105 ciem
273 3039 465 3105 documenta
492 3039 593 3126 priori
622 3038 778 3104 tribunali
807 3038 963 3120 exhibita,
984 3047 1089 3121 testes,
1111 3039 1270 3126 aquibus
1299 3064 1403 3106 novae

165 3143 407 3209 informationes
435 3142 558 3208 hauriri
586 3143 720 3231 possint,
746 3143 863 3208 iterum
892 3142 1010 3208 audiet.
1056 3142 1132 3207 Imo
1159 3146 1279 3229 poterit
1306 3145 1402 3210 etiam

165 3248 384 3334 praescribere,
399 3257 438 3313 ut
452 3271 557 3314 novus
570 3270 736 3334 processus
749 3270 791 3312 ex
805 3248 930 3334 integro
944 3243 1139 3314 conficiatur.

209 3351 337 3420 Verum
348 3362 505 3438 quatenus
517 3351 643 3419 validae
653 3350 759 3416 desint
769 3351 906 3417 rationes
917 3374 1038 3416 novum
1049 3373 1230 3438 processum
1242 3351 1402 3438 exigendi,

165 3455 340 3521 consultius
361 3457 431 3538 erit,
446 3455 631 3543 praesertim
651 3455 680 3521 si
701 3477 909 3542 personarum
930 3464 963 3520 et
985 3454 1128 3519 locorum
1149 3455 1403 3522 circumstantiae

166 3559 200 3623 id
213 3561 379 3642 suaserint,
394 3568 434 3624 ut
453 3581 600 3647 processu
614 3559 679 3623 iam
695 3558 822 3644 expleto
836 3567 954 3641 utatur,
969 3557 1099 3624 indictis
1120 3567 1227 3624 tamen
1242 3561 1403 3625 ulteriori·

165 3663 226 3728 bus
239 3663 540 3751 investigationibus
553 3686 633 3751 quas
646 3663 834 3727 necessarias
852 3662 1053 3728 iudicaverit.

209 3768 308 3849 Quod
329 3769 357 3833 si
379 3791 503 3833 novum
531 3790 713 3854 processum
736 3766 918 3831 faciendum
949 3789 1015 3830 esse
1043 3767 1209 3850 censuerit,
1234 3769 1403 3833 methodus

166 3895 263 3959 supra
286 3872 443 3959 descripta
467 3871 625 3937 servanda
647 3871 717 3936 erit.
763 3870 799 3935 Si
824 3893 902 3936 vero
927 3869 1036 3957 aliqua
1064 3879 1191 3935 trintum
1220 3895 1306 3938 nova
1334 3884 1404 3938 acta

166 4079 314 4145 defensor
333 4079 533 4145 matrimonii
560 4079 691 4144 addesse
718 4076 857 4162 debebit,
880 4077 934 4144 vel
956 4077 1068 4143 saltem
1090 4103 1177 4144 nova
1197 4078 1274 4146 haec
1301 4081 1404 4145 eidem

167 4184 431 4250 communicanda
451 4192 554 4266 erunt,
570 4192 607 4248 ut
628 4206 688 4270 pro
710 4205 842 4247 munere
862 4205 922 4247 suo
943 4205 980 4247 ea
1001 4183 1189 4269 expendere,
1203 4194 1235 4249 et
1249 4193 1405 4271 quatenus

167 4311 248 4375 opus
262 4312 328 4354 esse
341 4289 472 4354 duxerit
485 4288 631 4376 proprias
644 4285 934 4352 animadversiones
948 4285 1015 4351 illis
1029 4310 1187 4373 apponere
1200 4288 1316 4354 valeat.

212 4394 229 4470 §
252 4394 305 4459 29.
335 4392 478 4478 Expleto
499 4392 647 4457 examine
671 4390 770 4477 primi
799 4413 971 4477 processus
994 4400 1026 4455 et
1047 4391 1198 4478 imposito
1220 4393 1283 4458 fine
1312 4393 1405 4458 novis

168 4495 478 4583 investigationibus,
501 4496 599 4560 iudex
620 4495 844 4580 appellationis
866 4493 994 4559 debebit
1015 4495 1180 4581 exquirere
1201 4518 1221 4560 a
1242 4496 1406 4563 defensore

168 4602 375 4684 matrimonii,
390 4610 500 4665 utrum
521 4598 646 4686 aliquid
667 4598 773 4663 adhuc
791 4597 908 4662 habeat
929 4598 1150 4663 deducendum
1167 4609 1224 4664 aut
1243 4601 1405 4687 inquiren·

1326 4892 1526 4920 *-
