3142 5242
506 474 560 520 nn
589 474 719 521 carru
748 475 966 523 conruars
1290 460 1352 524 259

114 626 228 710 tiones,
243 652 322 715 quas
336 653 443 717 prore
457 640 541 714 nata,
556 640 594 696 ut
606 632 707 715 aiunt,
722 633 789 719 peti
804 632 952 718 mittique
967 654 1090 697 necesse
1104 641 1159 714 est,
1175 632 1352 717 plurimum

115 732 230 797 defluit
243 736 405 821 temporis,
421 736 501 822 quin
516 736 640 822 possint
652 736 695 801 ad
709 747 819 822 optata
832 746 909 802 vota
922 735 1103 802 convolare.
1157 826 1159 830 p

159 838 366 924 Quapropter
394 838 489 904 Sacra
517 839 626 905 eadem
656 840 870 928 Congregatio
899 840 1086 905 huiusmodi
1115 841 1352 906 necessitatibus

115 963 261 1007 occurere
295 943 493 1030 percupiens,
521 944 684 1031 simulque
719 945 918 1032 perpendens
947 944 982 1008 in
1011 943 1132 1009 dissitis
1168 945 1353 1032 praesertim

114 1046 304 1111 missionum
318 1046 405 1131 locis,
421 1047 643 1113 ecclesiasticos
664 1049 822 1135 praesides
841 1049 1032 1135 opportunis
1045 1048 1177 1113 destitui
1191 1048 1351 1131 subsidiis,

114 1150 233 1237 quibus
261 1173 303 1216 ex
331 1151 485 1238 gravibus
511 1151 758 1219 difficultatibus
784 1153 940 1219 extricare
968 1176 1003 1218 se
1027 1151 1166 1236 valeant,
1189 1176 1206 1217 e
1228 1175 1263 1218 re
1287 1175 1353 1218 esse

114 1255 246 1338 censuit,
262 1256 441 1320 uberiorem
462 1256 554 1321 edere
576 1256 836 1341 Instructionem,
851 1258 886 1322 in
908 1280 982 1344 qua,
997 1258 1038 1322 iis
1057 1279 1139 1344 quae
1156 1257 1220 1322 iam
1236 1257 1353 1322 tradita

114 1366 192 1423 sunt
212 1358 305 1424 nullo
326 1369 419 1447 pacto
439 1360 610 1448 abrogatis,
625 1361 754 1449 regulae
779 1361 1001 1448 indigitantur,
1023 1384 1104 1450 quas
1132 1361 1167 1425 in
1196 1361 1352 1426 eiusmodi

114 1462 239 1527 casibus
264 1462 341 1528 haec
366 1464 436 1551 ipsa
461 1464 495 1531 S.
520 1465 733 1552 Congregatio
758 1467 848 1554 sequi
874 1465 964 1548 solet,
988 1473 1027 1530 ut
1051 1465 1182 1530 illarum
1206 1488 1276 1552 ope,
1298 1465 1352 1530 vel

114 1566 233 1654 absque
255 1569 436 1634 necessitate
457 1592 602 1634 recursus
622 1568 665 1635 ad
686 1569 836 1635 Sanctam
853 1568 979 1652 Sedem,
994 1570 1118 1656 possint
1132 1568 1251 1633 indicia
1265 1568 1351 1652 ferri,

114 1669 168 1735 vcl
181 1680 274 1754 certe,
285 1672 313 1736 si
328 1673 555 1737 recurrendum
569 1675 622 1757 sit,
633 1683 734 1741 status
749 1673 942 1761 quaestionis
952 1674 999 1739 ita
1008 1672 1148 1737 dilucide
1162 1682 1351 1759 exponatur,

113 1782 152 1839 ut
166 1773 316 1861 impediri
331 1775 468 1864 longiori
484 1800 575 1843 mora
589 1779 745 1844 sententia
759 1801 825 1842 non
839 1777 961 1844 debeat.
1006 1776 1141 1865 Itaque:

160 1882 190 1944 1.
213 1878 298 1945 Cum
321 1879 361 1945 de
382 1881 526 1967 coniugis
547 1892 651 1947 morte
672 1882 815 1968 quaestio
838 1881 1027 1965 instituitur,
1048 1881 1226 1946 notandum
1246 1882 1352 1969 primo

113 1981 193 2066 loco,
208 1984 295 2071 quod
316 1995 541 2069 argumentum
556 1985 658 2052 asela
679 1987 781 2072 ipsius
801 1986 943 2051 absentia
962 1993 1217 2073 quantacumque
1232 1985 1320 2072 (licet
1332 2008 1353 2051 a

114 2085 238 2174 legibus
260 2088 411 2154 civilibus
433 2089 499 2155 sere
521 2090 640 2177 ubique
656 2089 859 2179 admittatur)
873 2114 894 2156 a
910 2091 1007 2154 sacris
1024 2089 1198 2154 canonibus
1219 2089 1353 2155 minime

113 2190 271 2257 sufficiens
288 2192 329 2257 ad
349 2194 466 2258 iustam
487 2194 706 2280 probationem
726 2194 870 2261 habetur.
915 2192 1015 2261 Unde
1028 2216 1053 2259 s.
1071 2217 1114 2259 m.
1131 2193 1212 2258 Pius
1226 2192 1294 2262 VI.
1309 2191 1352 2258 ad

113 2295 401 2384 Archiepisoopum
413 2298 606 2385 Pragensem
620 2299 673 2364 die
690 2301 728 2363 11
747 2298 828 2363 Iulii
844 2302 929 2365 1789
945 2298 1115 2383 rescripsit,
1126 2296 1229 2362 solam
1239 2297 1351 2361 coniu-

111 2400 163 2487 gis
177 2400 362 2485 absentiam,
383 2411 478 2488 atque
500 2403 721 2468 omnimodum
743 2401 884 2467 eiusdem
906 2403 1071 2467 silentium
1090 2402 1167 2465 satis
1187 2424 1352 2485 oryumera

112 2512 176 2568 tum
195 2528 259 2569 aon
278 2529 339 2570 esse
358 2507 403 2570 ad
423 2514 546 2571 tamtam
559 2507 830 2593 comprobandam,
845 2530 885 2571 ne
907 2515 978 2571 tum
1000 2505 1131 2593 quidem
1152 2528 1225 2570 cum
1247 2505 1351 2570 edicto

112 2612 201 2697 regio
223 2611 341 2676 coniux
366 2610 479 2676 absens
500 2622 649 2678 evocatus
672 2611 834 2701 (idemque
857 2635 953 2698 porro
974 2609 1145 2674 dicendum
1168 2619 1225 2693 est,
1245 2610 1272 2674 si
1295 2633 1351 2696 per

112 2714 258 2800 publicas
277 2715 494 2801 ephemerides
508 2715 542 2780 id
558 2716 678 2781 factum
692 2716 747 2803 sit)
764 2715 892 2780 nullum
913 2715 1030 2780 suimet
1044 2713 1198 2778 indicium
1216 2713 1349 2779 dederit

117 2818 210 2902 Quod
230 2819 310 2882 enim
334 2842 398 2883 aaa
419 2822 633 2906 mmpomoerit,
648 2820 733 2885 idem
755 2821 801 2885 ait
824 2820 989 2902 Pontifex,
1004 2841 1068 2882 aon
1088 2818 1190 2902 magia
1210 2840 1292 2881 mors
1315 2818 1351 2882 ia

111 2945 209 2986 causa
235 2946 295 2987 ease
310 2925 422 3011 potuit,
437 2947 531 3010 quam
545 2926 610 2989 eius
624 2925 826 3023 cont-umaq'o.

156 3029 185 3092 2.
222 3026 312 3091 Hinc
336 3027 378 3092 ad
406 3028 636 3115 praescriptum
666 3028 849 3094 eorumdem
875 3050 1036 3093 sacrorum
1061 3049 1230 3110 canonum,
1252 3026 1350 3092 docu-

110 3141 255 3197 mentum
275 3132 492 3197 authenticum
515 3133 621 3198 obitus
639 3132 788 3218 diligenti
810 3133 916 3197 studio
938 3131 1065 3218 exquiri
1086 3130 1218 3196 omnino
1236 3129 1349 3213 debet;

110 3246 276 3301 exaratum
296 3236 417 3301 scilicet
437 3260 478 3302 ex
500 3238 631 3323 regestis
652 3238 824 3323 paroeciae,
838 3235 892 3301 vel
915 3234 1115 3317 xenodochii,
1129 3233 1183 3299 vel
1204 3233 1348 3316 militiae,

109 3338 165 3408 vel
184 3341 292 3424 etiam,
307 3341 334 3404 si
354 3340 464 3405 haberi
487 3351 622 3428 nequeat
640 3341 681 3406 ab
700 3341 887 3406 auctoritate
908 3339 1121 3422 ecclesiastica,
1141 3361 1161 3402 a
1183 3336 1349 3404 Gubernio

110 3442 201 3510 civili
216 3443 279 3509 loci
291 3444 327 3508 in
341 3468 415 3531 quo,
430 3454 469 3510 ut
481 3446 685 3531 supponitur,
701 3467 837 3532 persona
850 3445 975 3510 obierit.

155 3551 186 3614 3.
221 3549 324 3613 Porro
345 3548 537 3637 quandoque
558 3549 619 3614 hoc
640 3549 867 3614 documentum
889 3549 1000 3613 haberi
1023 3549 1134 3635 nequit
1144 3573 1155 3629 ;
1189 3570 1253 3633 quo
1275 3569 1348 3611 casu

110 3652 239 3718 testium
254 3652 505 3739 depositionibus
519 3652 735 3739 supplendum
750 3653 820 3718 erit.
866 3653 974 3717 Testes
985 3675 1062 3718 vero
1076 3651 1142 3716 duo
1156 3650 1269 3715 saltem
1283 3673 1348 3715 essc

110 3756 236 3840 debent,
252 3756 357 3840 iurati,
372 3757 435 3821 fide
448 3756 550 3843 digni,
562 3767 594 3822 et
608 3757 665 3844 qui
679 3756 719 3822 de
733 3755 816 3821 facto
830 3757 961 3843 proprio
974 3755 1147 3842 deponant,
1162 3754 1348 3819 defunctum

110 3861 328 3948 cognoverint,
344 3884 380 3926 aa
393 3861 458 3926 sint
472 3862 555 3926 inter
576 3884 610 3925 se
631 3861 800 3926 concordes
814 3860 919 3947 quoad
934 3860 1040 3924 locum
1055 3869 1086 3923 et
1100 3881 1227 3923 musam
1242 3857 1348 3922 obitus

110 3965 253 4052 aliasque
269 3965 493 4031 substantiales
512 3966 773 4031 circumstantias.
819 3965 889 4044 Qui
909 3965 1049 4049 insuper,
1063 3964 1090 4028 si
1110 3961 1254 4027 defuncti
1273 3983 1347 4048 pro·

111 4069 225 4155 pinqui
240 4069 315 4151 sint,
330 4079 387 4135 aut
405 4070 483 4134 socii
502 4069 635 4153 itineris,
651 4070 836 4152 industriae,
850 4067 905 4134 vel
924 4068 1019 4132 etiam
1035 4067 1179 4149 militiae,
1194 4088 1231 4130 eo
1246 4065 1349 4152 magis

110 4172 245 4260 plurimi
261 4172 442 4238 faciendum
456 4174 518 4238 erit
530 4173 663 4239 illorum
676 4173 905 4239 testimonium.

152 4280 185 4344 4.
217 4277 388 4343 Interdum
402 4301 486 4343 unus
500 4287 628 4344 tautum
643 4278 732 4343 testis
745 4277 977 4343 examinandus
992 4277 1159 4363 reperitur,
1174 4283 1206 4340 et
1220 4275 1294 4340 licet
1307 4274 1348 4339 ab

110 4382 199 4448 omni
219 4383 289 4448 iure
308 4383 527 4449 testimonium
546 4382 643 4446 unius
664 4382 706 4447 ad
728 4381 821 4468 plene
841 4380 1045 4468 probandum
1064 4403 1129 4445 non
1148 4380 1348 4460 admittatur,

110 4495 251 4552 attamen
265 4509 307 4552 ne
320 4487 439 4551 coniux
453 4485 532 4550 alias
546 4486 675 4572 nuptias
690 4485 772 4550 inire
786 4495 966 4570 peroptans,
978 4485 1080 4550 vitam
1094 4482 1245 4548 coelibem
1257 4503 1349 4567 agere

111 4601 251 4678 cogatur,
263 4591 359 4656 etiam
375 4591 471 4654 unius
485 4590 704 4655 testimonium
718 4587 862 4654 absolute
876 4610 942 4653 non
955 4587 1078 4674 respuit
1092 4587 1249 4674 Suprema
1263 4584 1349 4650 Con-

243 4698 288 4759 ²⁴
1113 4768 1493 4928 .Α
