3142 5242
496 357 517 393 θ

453 483 649 529 irrasus
677 484 857 530 rursum
887 483 1101 531 conorari.
1302 467 1386 530 xxiii

152 638 337 726 degentium
367 638 539 706 Conventu
568 639 770 726 aptissimum
799 638 916 704 dedisti
944 638 1097 723 medium,
1118 662 1184 726 quo
1212 639 1299 726 apud
1328 662 1387 706 nos

54 752 68 775 ⁰
152 743 270 808 abusus
289 743 386 807 etiam
409 741 497 808 leves
517 744 575 830 qui
596 743 733 829 irrepere
753 749 938 829 potuerunt,
957 733 1124 826 tollantur,
1139 744 1241 829 magis
1263 743 1299 808 in
1318 743 1386 808 dics

151 845 253 931 pietas
272 847 473 932 virtutesque
494 869 604 913 omnes
625 844 782 933 fulgeant,
804 844 894 910 Deus
914 843 950 909 in
972 844 1122 910 omnibus
1143 853 1176 911 et
1200 868 1257 933 per
1278 846 1388 912 omnia

151 948 357 1037 glorificetur.
918 943 920 945 ⁵

195 1053 300 1119 Juxta
313 1053 513 1120 voluntatem
523 1054 630 1119 Tuam
644 1053 737 1119 nobis
750 1052 962 1139 significatam
976 1051 1016 1118 de
1029 1053 1075 1118 eis
1089 1053 1239 1119 omnibus
1253 1053 1386 1139 egimus,

151 1177 233 1242 quae
247 1157 283 1221 in
296 1155 463 1223 Schemate
476 1180 497 1223 a
510 1157 607 1223 Sacra
621 1157 876 1243 Congregaticne
889 1155 929 1221 de
943 1155 1156 1243 Propaganda
1171 1156 1255 1222 Fide
1268 1156 1387 1224 tradito

152 1259 406 1343 continebantur,
420 1283 486 1325 uno
499 1260 642 1327 alterove
655 1259 844 1346 disciplinae
856 1260 959 1346 capite
971 1260 1091 1327 addito.

196 1363 328 1444 Quibus
341 1365 492 1429 omnibus
507 1365 653 1451 peractis,
667 1363 832 1429 accedente
846 1363 1032 1429 sanctitatis
1045 1364 1135 1430 Tuae
1148 1365 1387 1451 approbatione,

152 1467 231 1532 certi
240 1489 352 1532 sumus
365 1467 516 1533 beneficia
529 1468 648 1555 quibus
663 1467 753 1533 Deus
767 1490 826 1533 nos
835 1466 1014 1532 cumulavit
1026 1469 1184 1535 servanda
1197 1478 1230 1534 et
1242 1470 1388 1557 augenda

152 1593 228 1637 esse.
284 1570 361 1658 Ipse
384 1572 472 1636 enim
498 1570 598 1654 Deus,
620 1571 712 1658 quasi
736 1570 1037 1658 providentissimus
1059 1571 1156 1637 Pater
1176 1580 1209 1638 et
1229 1572 1386 1638 bonorum

152 1674 300 1739 omnium
313 1675 450 1759 Auctor,
463 1698 528 1740 non
548 1675 654 1740 solum
668 1674 913 1740 misericorditer
926 1683 959 1740 et
976 1674 1114 1762 benigne
1127 1674 1295 1742 nobiscum
1311 1677 1387 1763 egit,

152 1777 320 1843 sedetiam
334 1779 510 1865 magnifice,
524 1787 563 1844 ut
581 1778 725 1843 libentur
737 1786 770 1844 et
781 1786 873 1864 grato
886 1779 996 1845 animo
1010 1777 1158 1846 fatemur.
1203 1780 1258 1845 Ab
1272 1781 1388 1845 ultimo

153 1882 242 1946 enim
257 1880 403 1947 Concilio
416 1881 654 1966 Baltimcrensi,
667 1904 754 1947 anno
773 1881 946 1947 millesimo
964 1883 1226 1968 octingentesimo
1243 1905 1389 1970 sexages-

153 1984 219 2050 imo
238 1994 329 2051 sexto
343 1984 463 2068 habito,
477 1985 690 2072 quadraginta
710 2007 766 2050 sex
789 1985 955 2051 Dioeceses
975 1985 1210 2056 etVicariatus
1228 1987 1388 2073 usquead

153 2097 218 2154 tres
242 2097 275 2153 et
299 2090 503 2176 septuaginta
526 2099 716 2172 creverrmt3
744 2088 795 2154 bis
819 2089 910 2154 mille
936 2089 1108 2176 quingenti
1136 2089 1320 2157 Sacerdotes
1347 2091 1389 2157 ad

154 2203 274 2279 septem
300 2191 367 2257 fere
395 2192 501 2258 millia
523 2192 651 2257 adaucti
679 2201 765 2276 sunt,
791 2201 824 2257 et
851 2191 1034 2278 Religiosae
1063 2192 1232 2277 Familiae,
1257 2193 1390 2260 Scholae

155 2295 368 2380 Parochialcs,
397 2295 545 2383 Collegia
575 2303 608 2360 et
639 2318 750 2361 omnes
779 2295 980 2362 Chrbtianae
1011 2296 1245 2361 misericordiae
1276 2296 1391 2364 domus

154 2400 288 2464 mirifice
307 2399 494 2466 floruerunt.

198 2502 275 2570 Tibi
294 2503 405 2591 igitur,
420 2502 607 2570 Rectissime
626 2503 732 2589 Pater,
746 2504 864 2570 iterum
877 2513 975 2592 atque
993 2504 1110 2569 iterum
1129 2504 1252 2570 debitas
1265 2505 1391 2593 agimus

154 2607 284 2696 gratias,
298 2609 390 2694 cujus
403 2617 487 2673 nutu
500 2607 536 2672 in
550 2629 653 2673 unum
666 2608 885 2691 convenimus,
899 2610 991 2694 cujus
1003 2609 1104 2674 ductu
1117 2609 1288 2674 consilium
1302 2608 1391 2676 iniv-

155 2711 294 2794 imus,in
305 2712 397 2796 cujus
404 2711 507 2777 veluti
518 2710 692 2798 praeseutia
702 2733 770 2776 rem
780 2709 1141 2794 omnem'discussimus3
1160 2710 1392 2778 humanissima

155 2815 241 2881 enim
263 2813 502 2880 benevolentiae
520 2814 610 2880 Tuae
630 2814 870 2900 significatione,
886 2837 944 2900 per
963 2814 1101 2900 effigiem
1121 2814 1226 2880 Tuam
1247 2814 1283 2879 in
1305 2814 1392 2881 hunc
1443 2830 1448 2836 '

156 2918 253 2984 finem
275 2941 295 2982 a
316 2917 364 2983 Te
385 2916 477 2983 nobis
498 2917 638 3001 missam,
659 2917 695 2981 in
717 2917 822 2982 medio
848 2916 986 2983 Concilii
1011 2916 1111 2982 nostri
1134 2917 1235 2984 veluti
1262 2917 1392 2984 Praeses

156 3021 297 3088 adfiristi.

199 3125 298 3191 Hunc
310 3125 513 3192 humillimae
525 3125 705 3193 devotionis
724 3135 849 3190 nostrae
863 3134 895 3190 et
915 3124 1000 3212 grati
1018 3125 1119 3191 animi
1140 3110 1391 3191 testificationem

155 3228 293 3316 benigne
305 3230 449 3316 accipias,
464 3238 496 3294 et
509 3229 587 3293 Tibi
599 3229 642 3294 sit
655 3252 778 3294 novum
792 3229 911 3316 pignus
925 3228 1044 3293 summi
1058 3229 1148 3294 illius
1161 3230 1316 3317 obsequii,
1326 3252 1392 3316 quc

157 3333 349 3399 Americana
363 3333 613 3398 Foederatorum
632 3331 782 3398 Statuam
797 3331 940 3397 Ecclesia
954 3332 1118 3397 Romanos
1132 3332 1304 3398 Pontifices
1317 3356 1391 3421 pro-

157 3446 264 3503 secuta
276 3445 324 3502 est
336 3458 469 3522 semper.
513 3435 663 3502 Solemus
678 3435 741 3501 hoc
754 3435 871 3500 amoris
890 3443 923 3500 et
941 3435 1160 3501 observantiae
1173 3437 1392 3501 testimonium

157 3551 303 3606 nostrum
317 3540 361 3606 sit
378 3540 440 3605 tibi
459 3539 606 3606 levamen
624 3539 709 3603 inter
722 3539 879 3604 maximas
897 3539 998 3604 animi
1012 3539 1196 3605 acerbitates
1209 3562 1392 3605 aerumnas·

158 3667 220 3732 que
244 3667 364 3728 omnes,
390 3665 471 3731 quae
496 3643 543 3708 Te
568 3641 711 3728 undique
735 3651 895 3730 premunt,
921 3642 964 3708 ob
987 3641 1121 3729 impiam
1147 3651 1180 3707 et
1205 3641 1392 3708 diuturnam

157 3747 343 3835 iniquorum
356 3756 468 3812 contra
481 3746 529 3811 Te
543 3754 575 3811 et
588 3755 698 3811 contra
712 3746 879 3811 Christum
892 3746 1150 3832 persecutionem.

201 3851 339 3919 Utinam
361 3859 497 3937 exurgat
517 3872 604 3915 nunc
628 3849 719 3914 Deus
742 3858 777 3914 et
800 3849 994 3936 dissipentur
1018 3849 1142 3915 inimici
1167 3853 1246 3937 ejus.
1291 3851 1392 3917 Plena

159 3954 288 4021 libertas
301 3955 384 4038 Tua,
399 3977 481 4041 quae
495 3952 667 4018 necessaria
680 3962 728 4019 est
745 3953 788 4018 ad
805 3953 976 4040 regendam
990 3952 1166 4018 Ecclesiam
1180 3955 1391 4037 commissam,

159 4059 250 4126 brevi
264 4058 341 4124 Tibi
355 4057 547 4140 vindicetur,
561 4066 595 4122 et
607 4057 716 4123 omnia
730 4057 834 4122 fausta
846 4056 1015 4142 feliciaque
1027 4056 1070 4121 ad
1084 4059 1236 4143 majorem
1251 4057 1392 4123 Divinae

159 4161 337 4249 Majestatis
350 4161 498 4249 gloriam,
512 4171 545 4226 et
558 4161 600 4226 ad
613 4160 749 4226 salutem
762 4161 941 4226 animarum
956 4159 1032 4224 Tibi
1046 4161 1204 4226 eveniant.

202 4266 340 4332 Interim
364 4265 585 4351 Apostolicam
610 4263 870 4329 Benedictionem
893 4286 954 4350 pro
978 4264 1070 4328 nobis
1095 4272 1128 4329 et
1152 4287 1210 4351 pro
1240 4265 1391 4329 Ecclesiis

157 4367 252 4434 nobis
264 4366 440 4432 commissis
452 4365 621 4432 humiliter
633 4363 852 4451 efflagitamus.

202 4470 326 4537 Datum
354 4492 396 4535 ex
425 4468 579 4535 Concilio
598 4467 759 4552 Plenaric,
787 4467 992 4552 Baltimorae,
1015 4469 1067 4534 die
1095 4487 1161 4535 v11.
1193 4468 1389 4553 Decembris,

158 4576 202 4641 A.
219 4574 562 4657 D.,rmcocuxxx1v.
597 4565 602 4575 ’
