3142 5242
587 464 642 510 nn
672 466 995 516 nseunaaraus.
1370 451 1412 514 49

173 613 490 691 monasteriensis
508 616 654 716 Synodi
673 621 742 695 ΙΙ.1
757 623 893 697 definit
909 649 1007 722 quae
1025 623 1221 723 pecuniae,
1237 648 1411 722 quaeque

172 753 234 804 res
253 729 350 804 viris
366 731 559 831 religiosis
576 736 728 812 oblatae
745 736 891 814 intuitu
907 740 1139 815 missionum
1164 739 1244 814 sint
1266 738 1409 814 intelli·

172 849 333 946 gendae,
376 849 494 925 simul
543 851 720 929 indicans
763 855 968 954 Episcopis
1010 855 1135 932 inesse
1178 862 1410 954 potestatem

171 964 392 1063 imperandi
417 969 604 1067 pecuniae
629 971 864 1065 collationes,
883 973 1190 1072 decernendique
1213 997 1289 1070 quo
1314 979 1408 1046 tem·

169 1105 263 1180 pore
282 1088 415 1183 etqua
433 1086 481 1159 de
498 1110 614 1161 causa
630 1086 796 1163 conferri
812 1097 999 1187 oporteat.

220 1200 282 1274 91.
309 1199 362 1292 Si,
374 1225 453 1275 non
466 1202 710 1279 obstantibus
727 1204 970 1304 aequissimis
987 1206 1105 1305 hujus
1118 1205 1405 1281 constitutionis
1498 1225 1503 1234 ’

171 1315 502 1415 dispositionibus,
526 1319 629 1394 inter
652 1320 865 1420 Episcopos
891 1347 935 1396 ac
957 1324 1155 1420 regulares
1182 1322 1309 1396 adhuc
1332 1321 1406 1395 ori-

168 1443 304 1509 rentur
323 1435 568 1512 difficultates
590 1443 659 1512 aut
674 1438 969 1531 controversiae,
983 1439 1045 1514 vel
1073 1439 1223 1538 siquae
1248 1463 1406 1537 genera·

168 1549 240 1625 tim
259 1555 388 1652 quoad
405 1554 603 1652 regulares
621 1553 823 1652 utriusque
839 1579 952 1629 sexus
970 1555 1192 1630 inordinata
1210 1554 1407 1652 praesules

170 1669 536 1762 animadverterent,
562 1695 625 1744 res
651 1670 701 1745 ab
731 1670 792 1744 his
817 1672 1021 1746 referenda
1045 1679 1146 1746 esset
1171 1673 1221 1747 ad
1248 1670 1404 1745 Emum.

172 1783 416 1861 Praefectum
442 1785 479 1860 S.
501 1786 822 1884 Congregationis
847 1788 896 1862 de
921 1786 1181 1886 Propaganda
1208 1786 1406 1885 Fida-qui

170 1925 257 1976 cum
291 1927 426 1978 eorum
471 1902 736 2000 superioribus
780 1903 978 2001 negotium
1020 1904 1201 1978 tractabit
1244 1928 1288 1978 ac
1330 1910 1405 1977 ter·

169 2018 347 2095 minabit.

219 2137 278 2210 92.
305 2135 495 2212 Similiter
509 2138 560 2211 ad
578 2139 759 2212 eumdem
774 2138 930 2213 Emum.
947 2137 1191 2213 Praefectum
1204 2144 1407 2212 recurrant

170 2250 354 2351 Episcopi
377 2255 533 2351 quando
557 2253 687 2351 agitur
711 2255 759 2329 de
782 2253 985 2346 institutis,
1004 2253 1222 2352 quaeretis
1247 2253 1405 2353 quidem

169 2367 410 2466 simplicibus
433 2376 588 2445 tantum
611 2369 846 2468 obligantur,
871 2372 940 2446 sed
963 2396 1061 2469 quae
1087 2396 1164 2445 non
1188 2377 1280 2445 sunt
1303 2369 1405 2445 dioe-

170 2509 317 2578 cesana,
332 2511 453 2585 quum
471 2485 642 2585 propriis
658 2494 844 2584 regantur
860 2487 1200 2561 constitutionibus
1219 2513 1241 2560 a
1259 2488 1295 2561 S.
1309 2487 1407 2562 Sede

168 2601 404 2700 approbatis,
423 2611 539 2702 atque
556 2628 581 2678 a
597 2627 667 2678 suo
685 2602 884 2701 superiore
906 2602 1091 2701 generali,
1110 2603 1229 2677 salvis
1248 2602 1406 2701 juribus

165 2723 206 2792 et
223 2718 441 2818 privilegiis
459 2718 755 2819 Episcoporum‚
773 2719 1074 2817 dependentiam
1093 2719 1273 2794 habeant.

217 2837 278 2912 93.
307 2835 496 2911 Instituta
511 2861 604 2911 vero
622 2836 848 2912 dioecesana
861 2835 1338 2935 quorumconstitutiones
1356 2837 1406 2911 ab

167 2951 374 3027 Ordinario
404 2940 559 3028 tantum
589 2953 827 3050 approbatae
856 2960 958 3044 sunt,
987 2952 1077 3027 licet
1106 2952 1282 3050 regulam
1315 2977 1339 3026 a
1365 2951 1403 3027 S.

165 3068 264 3144 Sede
298 3070 555 3168 approbatam
588 3076 811 3167 sequantur,
846 3070 1067 3167 dependent
1101 3069 1150 3142 ab
1185 3067 1405 3162 Ordinario,

166 3184 277 3283 cujus
295 3191 357 3260 est
377 3210 424 3261 ea
446 3210 592 3284 regere,
612 3184 805 3284 corrigere
822 3210 866 3260 ac
882 3185 1105 3277 reformare,
1124 3185 1233 3259 salvo
1251 3209 1405 3283 semper

166 3301 242 3377 fine
259 3302 444 3402 adquam
461 3301 689 3401 hujusmodi
712 3301 894 3376 instituta
916 3308 1007 3377 sunt
1030 3301 1071 3375 in
1090 3327 1160 3375 sua
1177 3300 1405 3376 fundatione

166 3417 357 3512 ordinata,
392 3424 432 3494 et
473 3420 525 3495 ad
568 3444 685 3518 quem
727 3417 1066 3493 constitutionibus
1109 3418 1158 3492 ab
1197 3417 1403 3492 Ordinario

166 3533 350 3632 primitus
377 3535 604 3634 approbatis
632 3534 867 3634 diriguntur.
920 3535 1034 3624 Quod
1062 3534 1106 3626 si,
1136 3541 1181 3609 ut
1208 3560 1286 3609 non
1313 3559 1403 3609 raro

165 3650 219 3744 fit,
246 3650 473 3750 hujusmodi
498 3650 680 3727 instituta
703 3650 823 3726 etiam
848 3651 890 3725 in
916 3650 1005 3725 aliis
1030 3649 1267 3725 dioecesibus
1293 3675 1402 3748 prae·

166 3766 288 3842 missa
309 3767 566 3844 conventione
581 3768 685 3843 inter
702 3766 1156 3866 Episcopum'dioecesiS‚
1174 3766 1216 3840 in
1234 3792 1312 3865 qua
1328 3767 1404 3842 sita

166 3889 225 3959 est
256 3885 396 3959 domus
426 3884 665 3985 principalis,
688 3891 729 3959 et
756 3882 1008 3959 Ordinarium
1039 3879 1163 3958 novae
1188 3881 1403 3978 erectionis,

166 4025 314 4076 necnon
340 4008 381 4077 et
405 4000 653 4100 Superiorem
676 4000 739 4076 vel
765 3999 1082 4098 Superiorissam,
1104 4000 1241 4075 domos
1266 4025 1403 4099 aperu·
1475 4054 1478 4062 -

165 4117 268 4192 erint
296 4118 424 4194 adhuc
451 4118 549 4217 ipsis
575 4117 859 4210 subordinatas,
886 4123 979 4192 tunc
1005 4115 1080 4192 hae
1105 4116 1404 4192 communitates

167 4233 318 4328 filiales,
341 4233 467 4333 ipsius
487 4233 756 4312 conventionis
778 4232 831 4328 vi,
854 4233 983 4333 quoad
1007 4231 1206 4308 internum
1228 4232 1403 4332 regimen

166 4356 206 4426 et
231 4350 609 4428 administrationem
635 4356 821 4427 maneant
845 4350 919 4425 sub
941 4349 1162 4425 obedientia
1184 4348 1404 4446 Superioris

166 4465 229 4542 vel
247 4467 534 4567 Superiorissae
550 4474 764 4544 conventus
781 4464 972 4565 primarii,
990 4466 1059 4540 sed
1076 4465 1132 4540 ita
1149 4472 1194 4540 ut
1210 4466 1403 4563 subjectae
1485 4512 1487 4521 ·

203 4633 598 4707 ‘Videinappadieapaun
