3142 5242
171 464 234 527 214
665 479 908 527 arensnrx.

170 637 332 724 Episeopi,
344 658 404 722 pro
417 659 475 701 sua
490 637 523 700 in
539 634 621 700 banc
631 635 851 722 Apostolieam
865 634 980 701 sotem
993 635 1206 718 olnenantia,
1218 636 1292 700 Nos
1305 634 1411 701 adiere

170 754 326 827 mgantoe,
342 751 378 805 ut
391 762 540 826 suprema
553 740 741 805 auctoritate
754 738 874 804 Nostra
887 738 1122 805 dirimerentur.

213 845 283 911 Nos
307 844 448 909 vicissim
475 841 560 907 haud
589 854 721 929 gravate
745 864 816 907 eam
841 842 1088 930 postulationem
1115 844 1315 929 excepimus,
1340 858 1407 911 tum

169 951 246 1037 quia
268 947 409 1014 nobilem
434 945 525 1012 illam
548 946 709 1011 nationem
732 968 798 1011 non
823 946 946 1011 minore
966 968 1064 1032 quam
1086 944 1277 1013 Decessores
1297 947 1406 1013 Nostri

170 1052 389 1118 benevolentia
424 1050 674 1137 complectimur,
703 1057 774 1115 tum
804 1050 881 1137 quia
908 1048 991 1114 nihil
1022 1049 1126 1115 Nobis
1153 1060 1204 1115 est
1231 1052 1407 1139 antiquins,

169 1180 267 1245 quam
290 1166 328 1221 ut
351 1155 486 1220 sublatis
508 1152 632 1218 dissidii
656 1154 760 1219 musis
785 1154 910 1218 stabilis
932 1153 1053 1240 ubique
1068 1154 1179 1239 vigeat
1200 1166 1319 1221 mutua
1335 1178 1407 1220 eum

169 1262 298 1327 caritate
312 1259 488 1325 coneordia.
533 1260 611 1339 Quo
631 1259 765 1344 gravius
785 1269 890 1323 autern
911 1268 944 1323 et
963 1258 1087 1323 cautius
1100 1282 1120 1324 a
1134 1257 1242 1323 Nobis
1257 1258 1408 1325 indicatio

170 1367 266 1447 fieret,
293 1386 358 1429 non
384 1361 480 1428 modo
505 1363 546 1427 iis
569 1385 651 1448 quae
675 1361 762 1427 ultro
787 1362 930 1449 citroque
957 1361 1197 1427 adducebantur
1222 1362 1351 1427 iuribus
1377 1372 1408 1429 ct

169 1468 411 1536 auetoritatibus
435 1466 605 1553 diligenter
628 1466 773 1531 aninmm
802 1466 985 1547 mlierimus,
1010 1464 1066 1531 sed
1093 1466 1191 1531 etiarn
1216 1468 1408 1533 sententiam

168 1573 410 1663 perrogemus
432 1570 695 1658 Congragationis
714 1569 894 1656 specialiter
913 1569 1083 1657 deputatae
1102 1570 1228 1656 aliquot
1250 1569 1286 1637 S.
1304 1570 1348 1637 R.
1368 1570 1407 1637 E.

170 1675 390 1745 Canlirmlium
405 1698 423 1740 e
436 1674 563 1739 duobus
576 1674 673 1739 ureris
687 1673 849 1757 Consiliis,
864 1696 1001 1761 quarum
1018 1674 1156 1739 alterum
1170 1673 1408 1761 Episcopornm

169 1794 201 1848 et
237 1780 448 1867 Regularium
485 1778 621 1865 negotiis
652 1776 858 1863 expediendis
890 1790 1022 1865 praeest,
1050 1777 1188 1842 altemm
1221 1776 1409 1845 Christiano

170 1886 293 1952 nomini
315 1881 531 1971 propagando.
580 1881 629 1945 lli
652 1881 774 1946 eunetis
794 1891 939 1947 accurate
962 1880 1138 1968 exquoratis
1160 1904 1244 1969 quac
1267 1882 1305 1947 in
1326 1881 1408 1947 deli·

168 1990 360 2056 berationem
375 1986 538 2067 cadebant,
552 1995 584 2051 et
606 1986 765 2050 rationum
788 1986 967 2069 momentis,
981 2008 1062 2073 quae
1074 1983 1290 2051 afferebantur
1305 1989 1409 2052 utrin-

167 2118 239 2182 qne,
265 2093 412 2178 religiose
435 2091 608 2178 perpensis,
632 2089 769 2155 fideliter
797 2089 903 2155 Nobis
926 2098 1144 2176 exposuerunt
1167 2088 1249 2177 quid
1273 2092 1410 2178 aequius

169 2200 283 2264 melius
310 2196 351 2261 de
379 2195 516 2281 singulis
545 2194 785 2281 quaestionibus
812 2194 1046 2259 deremendum
1081 2194 1145 2259 sibi
1175 2193 1345 2261 videretur
1373 2197 1408 2261 in

169 2303 319 2368 Domino.
365 2300 489 2364 Audito
511 2298 619 2384 itaque
638 2307 886 2363 memoratorum
901 2297 1123 2363 Cardinalium
1136 2297 1282 2381 consilio,
1297 2323 1411 2365 mum·

168 2430 230 2495 que
251 2405 350 2493 probe
371 2403 507 2489 dignita,
522 2424 706 2487 supremum
729 2400 883 2465 iudicium
899 2401 933 2465 N
934 2412 1055 2466 ostrum
1069 2400 1111 2466 de
1123 2403 1354 2469 controversiis
1371 2428 1411 2470 ac

167 2508 420 2577 dubitationibus
442 2528 523 2592 quae
547 2505 728 2592 propositae
750 2514 827 2568 sunt
851 2527 908 2591 per
931 2504 1013 2569 hano
1034 2505 1308 2571 Constitutionem
1333 2531 1410 2595 pro-

168 2614 365 2679 nunciamus

212 2717 388 2803 Multiplex
419 2715 493 2779 lieet
523 2714 673 2801 varieque
703 2713 843 2799 implexa
872 2715 914 2777 sit
943 2714 1103 2800 congeries
1123 2736 1231 2778 reram
1262 2738 1347 2802 quae
1373 2718 1408 2783 in

167 2821 424 2908 disceptationem
445 2830 609 2899 voantur,
632 2841 741 2880 omnes
770 2828 876 2881 tamen
905 2816 945 2881 ad
977 2818 1039 2882 tria
1067 2818 1270 2903 potissimum
1299 2824 1409 2907 capita

167 2925 330 2992 eommode
352 2923 452 3007 redigi
476 2946 565 3008 posse
586 2922 790 3003 arbitrantur,
813 2944 950 3007 quornm
972 2921 1106 2985 alterum
1132 2920 1175 2986 ad
1204 2920 1408 2991 familiarum

168 3031 385 3117 religiosarum
408 3026 642 3112 exernptionem
665 3025 802 3111 pertinet
823 3025 864 3089 ab
885 3024 1056 3109 episcopali
1072 3025 1409 3107 i111·isdietione;alte-

167 3158 239 3200 rum
262 3131 437 3196 ministeria
458 3129 594 3215 respicit,
610 3152 691 3214 ‹qtrae
711 3151 731 3191 a
752 3128 952 3213 regularibus
973 3127 1181 3191 missionariis
1194 3144 1408 3213 exercentur3

166 3240 294 3302 tertium
318 3234 516 3322 ‹praestiones
537 3232 757 3317 complectitur
771 3231 811 3296 de
825 3231 917 3295 bonis
932 3230 1159 3316 temporalibus
1173 3231 1278 3319 deque
1292 3256 1356 3299 usu
1373 3238 1409 3301 in

167 3366 261 3430 (quem
278 3341 335 3404 illa
349 3348 492 3424 oporteat
506 3337 658 3401 eotn'erti.
986 3400 991 3411 ,

210 3445 264 3510 ,td
288 3442 482 3529 regularium
504 3440 738 3525 exemptionem
760 3439 847 3527 quod
868 3441 992 3521 attinet,
1014 3450 1099 3503 certa
1120 3450 1153 3505 et
1174 3442 1305 3528 cognita
1326 3457 1409 3511 sunt

166 3549 307 3616 canonici
321 3546 398 3610 iuris
410 3545 609 3631 praescripta.
648 3544 775 3607 Scilicet-
786 3545 934 3631 quamvis
946 3545 978 3606 in
990 3544 1197 3608 ecelesiastba
1212 3545 1407 3631 hierarchia,

166 3677 246 3742 qnae
274 3660 322 3716 est
351 3651 459 3713 (lirina
480 3649 674 3711 oroirmtionc
698 3648 879 3729 constituta,
902 3646 1077 3733 presbyteri
1106 3656 1139 3711 et
1168 3648 1313 3714 ministri
1338 3653 1407 3719 sint
1442 3636 1456 3657 ’ἲ

167 3759 332 3823 inferiores
362 3753 540 3840 Episcopis,
563 3753 742 3838 horumque
770 3751 957 3815 auctoritate
984 3749 1175 3836 mgttrtur¹3
1206 3762 1317 3820 tamen
1339 3779 1407 3842 quo

167 3863 280 3927 melius
302 3861 335 3923 in
359 3858 514 3944 religiosis
536 3856 701 3920 ordinibus
722 3856 830 3920 onmia
850 3865 954 3919 essent
968 3855 1052 3919 inter
1064 3878 1097 3918 sc
1111 3865 1187 3940 apta
1200 3864 1233 3920 et
1246 3880 1405 3943 connexa,

165 3991 201 4032 ae
214 3965 337 4031 senlales
356 3961 474 4048 singuli
495 3972 605 4047 pamto
620 3971 652 4024 et
665 3959 825 4046 aequabili
839 3960 926 4024 vitae
944 3981 1038 4022 eursu
1053 3970 1240 4041 uterentur;
1261 3961 1406 4050 deniqne

165 4082 203 4136 ut
216 4080 295 4135 esset-
309 4069 502 4132 imnemento
517 4075 546 4128 et
563 4063 746 4149 perfectioni
761 4061 1184 4145 relipioroccorreersotionis²
1204 4066 1404 4143 eorrsultnm,

165 4175 252 4239 hand
275 4170 434 4237 immerito
456 4167 594 4232 Romani
618 4167 797 4248 Pontifices,
812 4188 949 4253 quorum
971 4175 1020 4230 est
1040 4165 1195 4230 diocaeses
1212 4167 1404 4251 describere,

165 4301 201 4341 ae
221 4300 295 4341 suos
316 4275 430 4361 cuique
451 4272 595 4336 subditos
616 4294 702 4335 stem
716 4280 868 4355 potestate
881 4270 1039 4354 rogandos
1060 4268 1250 4352 adtribuere,
1267 4271 1403 4338 Clerum

199 4447 314 4498 ¹(,'oneil.
328 4444 400 4496 Trid.
412 4461 471 4495 sess.
484 4444 523 4508 23,
536 4443 567 4492 de
576 4460 678 4493 socrum.
690 4442 742 4493 ord.
754 4459 810 4492 ean.
824 4441 848 4492 7.

197 4529 240 4582 ²8.
253 4530 361 4589 Gregor.
376 4528 413 4579 bl.
426 4527 510 4592 Epist.
525 4525 569 4575 lll
586 4525 631 4575 lib.
647 4523 826 4575 lX.—lle1nnl.
845 4524 916 4575 Xli'
935 4524 1017 4588 Epist..
1036 4524 1138 4575 lleeret.
1156 4525 1311 4591 rlpmtolieac
1327 4530 1403 4579 arrui-

165 4617 228 4680 tutt'r,
242 4612 309 4680 prid.
323 4609 564 4662 illustraretur.
