3142 5242
295 511 296 514 ,
422 467 475 512 nu
504 468 763 515 scurranrrs
793 469 1052 517 araronrnuss
1311 456 1353 520 87
1477 465 1479 468 ’

118 618 397 719 ρΙιὶῑοεορΙιὶιθ,
424 623 636 700 cultoribus
671 625 851 700 omnibus
888 625 973 724 jam
1011 625 1255 724 exploratum
1290 627 1351 721 sit,

118 733 160 810 in
177 737 365 812 doctrinis
382 740 420 813 S.
439 739 610 816 Thomas
628 741 845 816 “eximiam
863 743 1074 840 quamdam
1092 740 1217 817 inesse
1242 768 1351 844 prae·

118 851 316 946 stantiam,
339 860 380 929 et
404 856 455 930 ad
480 859 654 932 sananda
680 859 795 950 mala,
822 858 961 956 quibus
995 865 1128 933 nostra
1161 859 1353 957 premitur

118 975 235 1060 aetas,
263 969 343 1044 vim
370 955 633 1072 virtutemque
659 973 929 1072 singularem”
961 974 1070 1072 (Litt.
1097 977 1202 1074 App.
1229 976 1351 1074 ejusd.

117 1083 183 1160 SS.
210 1083 259 1160 D.
287 1085 337 1161 N.
368 1088 454 1162 Oum
478 1091 543 1164 doc
564 1093 623 1182 ait,
642 1091 679 1165 d.
697 1091 724 1164 4
740 1091 842 1189 Aug.
862 1090 1000 1188 1880);
1028 1090 1067 1165 N
1068 1091 1227 1190 obisque
1253 1091 1352 1167 nihil

117 1199 327 1300 antiquius,
367 1203 466 1279 nihil
509 1205 680 1303 optatius
723 1232 806 1282 esse
847 1205 982 1307 possit,
1017 1232 1134 1306 quam
1177 1207 1351 1304 ejusdem

117 1313 317 1394 Pontificis
349 1320 639 1419 religiosissime
673 1323 940 1421 obtemperare
973 1322 1085 1416 votis,
1115 1323 1157 1398 in
1192 1323 1351 1400 Litteris

118 1432 333 1533 Encyclicis
366 1437 430 1513 cit.
465 1437 681 1530 declaratis,
717 1440 899 1515 volumus
933 1446 973 1516 et
1003 1439 1199 1537 jubemus,
1232 1447 1276 1516 ut
1308 1440 1350 1516 in

115 1551 317 1626 tradendis
333 1553 612 1652 philosophicis
625 1580 670 1630 ac
681 1555 908 1654 theologicis
925 1555 1153 1654 disciplinis,
1172 1556 1350 1655 magistri

116 1689 251 1741 omnes
275 1668 449 1756 studiose
473 1695 517 1745 ac
541 1671 708 1746 fideliter
723 1671 953 1747 inhaereant
968 1671 1148 1771 Angelici
1172 1667 1350 1748 Doctoris

114 1782 302 1881 vestigiis,
327 1784 436 1861 illius
461 1786 778 1863 scholasticorum
803 1789 1004 1863 doctorum
1034 1788 1210 1863 omnium
1237 1786 1349 1863 Prin·

115 1896 225 1998 cipis,
238 1925 354 1999 quem
368 1900 472 1976 idem
486 1903 524 1978 S.
539 1902 732 1979 Dominus
746 1903 890 1978 Noster
900 1928 944 1978 ac
957 1903 1076 1978 Pater
1093 1905 1173 1981 “ad
1182 1904 1349 2004 gloriam

115 2015 394 2114 omnipotentis
412 2017 485 2094 Dei
503 2026 543 2094 et
560 2020 746 2095 honorem
764 2018 942 2094 Doctoris
955 2019 1146 2119 Angelici‚
1161 2022 1211 2094 ad
1228 2020 1347 2097 incre·

114 2141 250 2208 menta
281 2132 530 2210 scientiarum
565 2142 605 2211 et
636 2160 883 2211 communem
926 2135 1118 2212 societatis
1155 2136 1350 2213 humanae

114 2247 359 2325 utilitatem”
391 2250 484 2350 (Lit.
510 2252 615 2351 App.
642 2252 736 2350 cit),
763 2252 976 2350 plaudente
1006 2253 1098 2326 orbe
1128 2251 1349 2330 Christiano

113 2365 336 2442 scholarum
354 2368 631 2444 catholicarum
649 2367 865 2444 Patronum
883 2367 1107 2474 declaravit²

94 2511 96 2514 ’
166 2485 251 2559 169.
286 2482 397 2558 Inter
409 2484 644 2583 theologicas
658 2484 884 2583 disciplinas
897 2484 1106 2583 Theologia
1119 2484 1349 2583 Dogmatica

113 2606 156 2677 et
187 2600 352 2676 Moralis
386 2600 603 2700 principem
638 2602 765 2676 locum
798 2607 932 2677 tenere
965 2601 1117 2694 debent,
1144 2607 1188 2676 ut
1220 2602 1347 2677 clerici

113 2717 300 2793 veritates
325 2717 415 2792 fidei
441 2725 481 2792 et
504 2718 659 2815 regulas
685 2742 839 2792 morum
865 2717 1043 2815 apprime
1059 2716 1236 2792 calleant.
1288 2717 1348 2794 Ea

113 2841 247 2911 autem
263 2833 414 2909 ratione
432 2833 641 2933 Theologia
667 2832 897 2932 Dogmatica
913 2833 989 2909 erit
1003 2835 1216 2925 tractanda,
1234 2840 1281 2909 ut
1296 2833 1349 2909 sit
1423 2888 1433 2912 .

113 2949 284 3050 positiva
312 2949 431 3025 simul
457 2959 496 3026 et
521 2950 761 3049 speculativa
794 2975 862 3025 seu
896 2950 1144 3042 scholastica;
1179 2949 1348 3048 positiva

113 3065 269 3159 scilicet,
303 3074 493 3165 quatenus
535 3092 681 3159 eorum,
716 3091 815 3166 quae
854 3067 904 3141 ab
947 3066 1119 3140 Ecclesia
1158 3072 1346 3166 tanquam

114 3183 305 3261 divinitus
330 3184 504 3259 revelata
528 3184 719 3259 credenda
744 3190 1028 3281 proponuntur,
1050 3182 1255 3257 veritatem
1281 3184 1345 3258 de·

113 3307 309 3377 monstrat
331 3301 569 3376 ostendendo
590 3300 696 3398 quod
718 3306 759 3374 et
782 3300 976 3398 quomodo
999 3298 1080 3373 sint
1102 3306 1282 3374 contenta
1303 3298 1345 3375 in

113 3415 226 3493 libris
251 3417 406 3514 scriptis
430 3423 471 3491 et
494 3415 580 3491 sine
604 3415 748 3514 scripto
773 3414 1072 3508 traditionibus3
1107 3415 1346 3513 speculativa

112 3558 206 3610 vero
231 3540 301 3608 aut
324 3532 562 3625 scholastica,
586 3539 777 3630 quatenus
801 3557 848 3606 ex
873 3530 1012 3606 iisdem
1035 3531 1265 3607 veritatibus
1290 3531 1346 3607 ita

114 3648 402 3743 demonstratis,
415 3674 489 3748 ope
505 3647 716 3724 veritatum
735 3647 905 3723 naturali
922 3647 1073 3722 ratione
1089 3647 1343 3746 cognitarum,
1373 3642 1376 3647 ’

114 3766 318 3843 ulteriores
356 3765 594 3863 cognitiones
630 3764 895 3839 concludendo
930 3762 1043 3857 eruit,
1077 3763 1345 3863 rationemque

111 3884 188 3960 fide
210 3881 449 3958 illustratam
470 3880 601 3956 evehit
623 3882 675 3955 ad
696 3880 971 3956 accuratiorem
995 3888 1110 3979 atque
1126 3880 1344 3956 uberiorem

111 4025 244 4076 rerum
277 4022 378 4099 quae
413 3999 624 4074 creduntur
661 3995 931 4096 cognitionem,
965 4004 1007 4073 et
1042 3996 1216 4095 ipsorum
1255 3997 1344 4072 fidei

111 4114 399 4216 mysteriorum,
433 4114 561 4214 quoad
603 4113 687 4189 fieri
729 4121 868 4212 potest,
903 4112 1076 4212 aliquam
1118 4112 1344 4189 lucidiorem

111 4232 425 4332 intelligentiam,
439 4255 603 4329 eamque
618 4228 978 4322 fructuosissimam,
998 4237 1116 4305 “tum
1133 4254 1181 4303 ex
1198 4254 1343 4322 eorum,

110 4376 211 4451 quae
236 4347 469 4426 naturaliter
492 4345 697 4447 cognoscit,
716 4345 907 4444 analogia,
925 4352 1010 4421 tum
1029 4371 1050 4420 e
1068 4344 1343 4444 mysteriorum

110 4466 288 4566 ipsorum
321 4490 423 4541 nexu
457 4463 560 4538 inter
592 4487 633 4537 se
666 4469 706 4537 et
739 4486 826 4536 cum
859 4461 937 4536 fine
970 4460 1140 4536 hominis
1170 4459 1342 4535 ultimo”

110 4582 404 4682 assequendam.
461 4581 589 4678 (Cone.
607 4577 732 4654 Vatia.
759 4575 889 4652 Oonst.
912 4600 951 4670 1.,
973 4602 1004 4652 c.
1024 4579 1061 4652 4.
1110 4575 1188 4653 un.
1206 4576 1342 4676 Encyl.
