<?xml version="1.0" encoding="UTF-8"?>
<!DOCTYPE html PUBLIC "-//W3C//DTD XHTML 1.0 Transitional//EN"
    "http://www.w3.org/TR/xhtml1/DTD/xhtml1-transitional.dtd">
<html xmlns="http://www.w3.org/1999/xhtml" xml:lang="en" lang="en">
 <head>
  <title>
</title>
<meta http-equiv="Content-Type" content="text/html;charset=utf-8" />
  <meta name='ocr-system' content='tesseract 3.04.00' />
  <meta name='ocr-capabilities' content='ocr_page ocr_carea ocr_par ocr_line ocrx_word'/>
</head>
<body>
  <div class='ocr_page' id='page_1' title='image "./actaetdecretaco00gibbgoog_0213.png"; bbox 0 0 3142 5242; ppageno 0'>
   <div class='ocr_carea' id='block_1_1' title="bbox 174 435 1298 498">
    <p class='ocr_par' dir='ltr' id='par_1_1' title="bbox 174 435 1298 498">
     <span class='ocr_line' id='line_1_1' title="bbox 174 435 1298 498; baseline -0.001 -3"><span class='ocrx_word' id='word_1_1' title='bbox 174 435 215 496; x_wconf 87' lang='grc'>96</span> <span class='ocrx_word' id='word_1_2' title='bbox 303 448 488 496; x_wconf 72' lang='lat' dir='ltr'>risurus</span> <span class='ocrx_word' id='word_1_3' title='bbox 513 449 666 498; x_wconf 78' lang='lat' dir='ltr'>v.-nu</span> <span class='ocrx_word' id='word_1_4' title='bbox 694 448 972 496; x_wconf 77' lang='lat' dir='ltr'>cnamcoauu</span> <span class='ocrx_word' id='word_1_5' title='bbox 1001 445 1298 496; x_wconf 75' lang='lat' dir='ltr'>nnucamoua.</span> 
     </span>
    </p>
   </div>
   <div class='ocr_carea' id='block_1_2' title="bbox 165 600 1406 1637">
    <p class='ocr_par' dir='ltr' id='par_1_2' title="bbox 168 600 1406 1055">
     <span class='ocr_line' id='line_1_2' title="bbox 170 600 1406 705; baseline -0.001 -26"><span class='ocrx_word' id='word_1_6' title='bbox 170 605 412 681; x_wconf 83' lang='lat' dir='ltr'>examinibus</span> <span class='ocrx_word' id='word_1_7' title='bbox 442 605 677 705; x_wconf 81' lang='lat' dir='ltr'>subjicietur,</span> <span class='ocrx_word' id='word_1_8' title='bbox 706 613 801 705; x_wconf 92' lang='lat' dir='ltr'>quot</span> <span class='ocrx_word' id='word_1_9' title='bbox 828 605 938 680; x_wconf 91' lang='lat' dir='ltr'>nulla</span> <span class='ocrx_word' id='word_1_10' title='bbox 963 604 1027 680; x_wconf 85' lang='lat' dir='ltr'>vel</span> <span class='ocrx_word' id='word_1_11' title='bbox 1057 600 1330 679; x_wconf 88' lang='lat' dir='ltr'>insufficientia</span> <span class='ocrx_word' id='word_1_12' title='bbox 1356 604 1406 678; x_wconf 90' lang='lat' dir='ltr'>ab</span> 
     </span>
     <span class='ocr_line' id='line_1_3' title="bbox 170 721 1405 820; baseline 0 -25"><span class='ocrx_word' id='word_1_13' title='bbox 170 722 499 811; x_wconf 82' lang='lat' dir='ltr'><strong>examinatoribus</strong></span> <span class='ocrx_word' id='word_1_14' title='bbox 516 723 662 798; x_wconf 84' lang='lat' dir='ltr'>fuerint</span> <span class='ocrx_word' id='word_1_15' title='bbox 678 723 883 799; x_wconf 89' lang='lat' dir='ltr'>declarata.</span> <span class='ocrx_word' id='word_1_16' title='bbox 922 721 1033 798; x_wconf 86' lang='lat' dir='ltr'>Idem</span> <span class='ocrx_word' id='word_1_17' title='bbox 1051 721 1260 797; x_wconf 82' lang='lat' dir='ltr'><strong>statuimus</strong></span> <span class='ocrx_word' id='word_1_18' title='bbox 1276 722 1405 820; x_wconf 90' lang='lat' dir='ltr'>quoad</span> 
     </span>
     <span class='ocr_line' id='line_1_4' title="bbox 168 837 1405 939; baseline 0 -27"><span class='ocrx_word' id='word_1_19' title='bbox 168 862 233 913; x_wconf 89' lang='lat' dir='ltr'>eos</span> <span class='ocrx_word' id='word_1_20' title='bbox 257 837 325 937; x_wconf 92' lang='lat' dir='ltr'>qui</span> <span class='ocrx_word' id='word_1_21' title='bbox 347 863 590 939; x_wconf 89' lang='lat' dir='ltr'>quacumque</span> <span class='ocrx_word' id='word_1_22' title='bbox 613 841 661 914; x_wconf 89' lang='lat' dir='ltr'>de</span> <span class='ocrx_word' id='word_1_23' title='bbox 684 865 810 931; x_wconf 87' lang='lat' dir='ltr'>eausa,</span> <span class='ocrx_word' id='word_1_24' title='bbox 828 837 1116 937; x_wconf 87' lang='lat' dir='ltr'>dispensatione</span> <span class='ocrx_word' id='word_1_25' title='bbox 1141 861 1219 913; x_wconf 89' lang='lat' dir='ltr'>non</span> <span class='ocrx_word' id='word_1_26' title='bbox 1245 837 1405 912; x_wconf 86' lang='lat' dir='ltr'>obtenta</span> 
     </span>
     <span class='ocr_line' id='line_1_5' title="bbox 169 953 1235 1055; baseline 0.003 -28"><span class='ocrx_word' id='word_1_27' title='bbox 169 954 218 1028; x_wconf 92' lang='lat' dir='ltr'>ab</span> <span class='ocrx_word' id='word_1_28' title='bbox 236 954 441 1054; x_wconf 87' lang='lat' dir='ltr'>Episcop0,</span> <span class='ocrx_word' id='word_1_29' title='bbox 459 981 622 1031; x_wconf 81' lang='lat' dir='ltr'>examen</span> <span class='ocrx_word' id='word_1_30' title='bbox 639 956 922 1055; x_wconf 89' lang='lat' dir='ltr'>praescriptum</span> <span class='ocrx_word' id='word_1_31' title='bbox 940 979 1017 1030; x_wconf 89' lang='lat' dir='ltr'>non</span> <span class='ocrx_word' id='word_1_32' title='bbox 1035 953 1235 1030; x_wconf 81' lang='lat' dir='ltr'>subierint.</span> 
     </span>
    </p>

    <p class='ocr_par' dir='ltr' id='par_1_3' title="bbox 165 1069 1402 1637">
     <span class='ocr_line' id='line_1_6' title="bbox 220 1069 1401 1171; baseline -0.002 -25"><span class='ocrx_word' id='word_1_33' title='bbox 220 1069 280 1147; x_wconf 91' lang='lat' dir='ltr'>De</span> <span class='ocrx_word' id='word_1_34' title='bbox 305 1071 471 1171; x_wconf 80' lang='lat' dir='ltr'>singulis</span> <span class='ocrx_word' id='word_1_35' title='bbox 500 1080 632 1147; x_wconf 89' lang='lat' dir='ltr'>autem</span> <span class='ocrx_word' id='word_1_36' title='bbox 662 1072 892 1148; x_wconf 80' lang='lat' dir='ltr'>examinatis</span> <span class='ocrx_word' id='word_1_37' title='bbox 918 1071 1066 1170; x_wconf 90' lang='lat' dir='ltr'>scripto</span> <span class='ocrx_word' id='word_1_38' title='bbox 1093 1079 1273 1147; x_wconf 86' lang='lat' dir='ltr'>exaretur</span> <span class='ocrx_word' id='word_1_39' title='bbox 1297 1069 1401 1168; x_wconf 90' lang='lat' dir='ltr'>judi·</span> 
     </span>
     <span class='ocr_line' id='line_1_7' title="bbox 167 1180 1402 1288; baseline 0 -26"><span class='ocrx_word' id='word_1_40' title='bbox 167 1186 269 1263; x_wconf 87' lang='lat' dir='ltr'>cium</span> <span class='ocrx_word' id='word_1_41' title='bbox 287 1187 328 1262; x_wconf 92' lang='lat' dir='ltr'>in</span> <span class='ocrx_word' id='word_1_42' title='bbox 347 1180 531 1287; x_wconf 79' lang='lat' dir='ltr'>Episcopi</span> <span class='ocrx_word' id='word_1_43' title='bbox 550 1189 706 1288; x_wconf 75' lang='lat' dir='ltr'>archivo</span> <span class='ocrx_word' id='word_1_44' title='bbox 725 1189 933 1288; x_wconf 84' lang='lat' dir='ltr'>diligenter</span> <span class='ocrx_word' id='word_1_45' title='bbox 950 1187 1256 1264; x_wconf 88' lang='lat' dir='ltr'>custodiendum.</span> <span class='ocrx_word' id='word_1_46' title='bbox 1304 1187 1402 1262; x_wconf 91' lang='lat' dir='ltr'>Inde</span> 
     </span>
     <span class='ocr_line' id='line_1_8' title="bbox 166 1302 1400 1402; baseline 0 -25"><span class='ocrx_word' id='word_1_47' title='bbox 166 1305 232 1380; x_wconf 88' lang='lat' dir='ltr'>fiet</span> <span class='ocrx_word' id='word_1_48' title='bbox 249 1312 294 1380; x_wconf 90' lang='lat' dir='ltr'>ut</span> <span class='ocrx_word' id='word_1_49' title='bbox 310 1307 554 1381; x_wconf 80' lang='lat' dir='ltr'>sacerdotum</span> <span class='ocrx_word' id='word_1_50' title='bbox 577 1304 728 1381; x_wconf 85' lang='lat' dir='ltr'>indoles</span> <span class='ocrx_word' id='word_1_51' title='bbox 746 1330 790 1380; x_wconf 88' lang='lat' dir='ltr'>ac</span> <span class='ocrx_word' id='word_1_52' title='bbox 806 1305 982 1381; x_wconf 86' lang='lat' dir='ltr'>doctrina</span> <span class='ocrx_word' id='word_1_53' title='bbox 998 1302 1263 1402; x_wconf 89' lang='lat' dir='ltr'>superioribus</span> <span class='ocrx_word' id='word_1_54' title='bbox 1287 1304 1400 1378; x_wconf 89' lang='lat' dir='ltr'>eccle·</span> 
     </span>
     <span class='ocr_line' id='line_1_9' title="bbox 166 1419 1402 1521; baseline 0 -28"><span class='ocrx_word' id='word_1_55' title='bbox 166 1419 331 1495; x_wconf 87' lang='lat' dir='ltr'>siasticis</span> <span class='ocrx_word' id='word_1_56' title='bbox 365 1421 491 1520; x_wconf 84' lang='lat' dir='ltr'>magis</span> <span class='ocrx_word' id='word_1_57' title='bbox 526 1423 726 1521; x_wconf 84' lang='lat' dir='ltr'>magisque</span> <span class='ocrx_word' id='word_1_58' title='bbox 766 1429 976 1520; x_wconf 90' lang='lat' dir='ltr'>patescant,</span> <span class='ocrx_word' id='word_1_59' title='bbox 1012 1421 1115 1521; x_wconf 91' lang='lat' dir='ltr'>quod</span> <span class='ocrx_word' id='word_1_60' title='bbox 1149 1444 1227 1494; x_wconf 93' lang='lat' dir='ltr'>non</span> <span class='ocrx_word' id='word_1_61' title='bbox 1261 1444 1402 1519; x_wconf 86' lang='lat' dir='ltr'>parum</span> 
     </span>
     <span class='ocr_line' id='line_1_10' title="bbox 165 1536 937 1637; baseline 0.004 -28"><span class='ocrx_word' id='word_1_62' title='bbox 165 1536 341 1634; x_wconf 91' lang='lat' dir='ltr'>proderit</span> <span class='ocrx_word' id='word_1_63' title='bbox 356 1536 398 1612; x_wconf 92' lang='lat' dir='ltr'>in</span> <span class='ocrx_word' id='word_1_64' title='bbox 416 1537 661 1637; x_wconf 82' lang='lat' dir='ltr'>assignandis</span> <span class='ocrx_word' id='word_1_65' title='bbox 680 1538 937 1614; x_wconf 85' lang='lat' dir='ltr'>missionibus</span> 
     </span>
    </p>
   </div>
   <div class='ocr_carea' id='block_1_3' title="bbox 631 1981 938 2056">
    <p class='ocr_par' dir='ltr' id='par_1_4' title="bbox 631 1981 938 2056">
     <span class='ocr_line' id='line_1_11' title="bbox 631 1981 938 2056; baseline 0.007 -2"><span class='ocrx_word' id='word_1_66' title='bbox 631 1981 849 2056; x_wconf 83' lang='lat' dir='ltr'>CAPUT</span> <span class='ocrx_word' id='word_1_67' title='bbox 884 1981 938 2056; x_wconf 88' lang='lat' dir='ltr'>V.</span> 
     </span>
    </p>
   </div>
   <div class='ocr_carea' id='block_1_4' title="bbox 417 2161 1151 2241">
    <p class='ocr_par' dir='ltr' id='par_1_5' title="bbox 417 2161 1151 2241">
     <span class='ocr_line' id='line_1_12' title="bbox 417 2161 1151 2241; baseline 0.003 -4"><span class='ocrx_word' id='word_1_68' title='bbox 417 2161 481 2237; x_wconf 80' lang='lat' dir='ltr'>Du</span> <span class='ocrx_word' id='word_1_69' title='bbox 512 2163 838 2239; x_wconf 77' lang='lat' dir='ltr'>Cosuarroumus</span> <span class='ocrx_word' id='word_1_70' title='bbox 867 2165 1151 2241; x_wconf 81' lang='lat' dir='ltr'>Tuaouoercrs.</span> 
     </span>
    </p>
   </div>
   <div class='ocr_carea' id='block_1_5' title="bbox 163 2345 1404 2562">
    <p class='ocr_par' dir='ltr' id='par_1_6' title="bbox 163 2345 1404 2562">
     <span class='ocr_line' id='line_1_13' title="bbox 215 2345 1404 2439; baseline 0.001 -17"><span class='ocrx_word' id='word_1_71' title='bbox 215 2346 298 2422; x_wconf 89' lang='lat'>189.</span> <span class='ocrx_word' id='word_1_72' title='bbox 326 2345 563 2421; x_wconf 87' lang='lat' dir='ltr'>Clericorum</span> <span class='ocrx_word' id='word_1_73' title='bbox 578 2346 845 2422; x_wconf 83' lang='lat' dir='ltr'>educationem</span> <span class='ocrx_word' id='word_1_74' title='bbox 864 2355 903 2423; x_wconf 86' lang='lat' dir='ltr'>et</span> <span class='ocrx_word' id='word_1_75' title='bbox 920 2347 1226 2439; x_wconf 87' lang='lat' dir='ltr'>instructionem,</span> <span class='ocrx_word' id='word_1_76' title='bbox 1238 2348 1404 2424; x_wconf 87' lang='lat' dir='ltr'>decretis</span> 
     </span>
     <span class='ocr_line' id='line_1_14' title="bbox 163 2462 1403 2562; baseline 0.002 -24"><span class='ocrx_word' id='word_1_77' title='bbox 163 2463 204 2538; x_wconf 90' lang='lat' dir='ltr'>in</span> <span class='ocrx_word' id='word_1_78' title='bbox 226 2463 299 2538; x_wconf 91' lang='lat' dir='ltr'>hoc</span> <span class='ocrx_word' id='word_1_79' title='bbox 317 2462 489 2537; x_wconf 88' lang='lat' dir='ltr'>Concilio</span> <span class='ocrx_word' id='word_1_80' title='bbox 513 2463 604 2538; x_wconf 89' lang='lat' dir='ltr'>latis</span> <span class='ocrx_word' id='word_1_81' title='bbox 622 2464 670 2538; x_wconf 92' lang='lat' dir='ltr'>de</span> <span class='ocrx_word' id='word_1_82' title='bbox 695 2463 914 2538; x_wconf 89' lang='lat' dir='ltr'>seminariis</span> <span class='ocrx_word' id='word_1_83' title='bbox 938 2472 977 2538; x_wconf 90' lang='lat' dir='ltr'>et</span> <span class='ocrx_word' id='word_1_84' title='bbox 1000 2464 1176 2539; x_wconf 78' lang='lat' dir='ltr'>examine</span> <span class='ocrx_word' id='word_1_85' title='bbox 1196 2464 1403 2562; x_wconf 90' lang='lat' dir='ltr'>juniorum</span> 
     </span>
    </p>
   </div>
   <div class='ocr_carea' id='block_1_6' title="bbox 161 2579 1479 4540">
    <p class='ocr_par' dir='ltr' id='par_1_7' title="bbox 161 2579 1479 4540">
     <span class='ocr_line' id='line_1_15' title="bbox 163 2579 1403 2678; baseline 0.002 -24"><span class='ocrx_word' id='word_1_86' title='bbox 163 2581 418 2671; x_wconf 88' lang='lat' dir='ltr'>sacerdotum,</span> <span class='ocrx_word' id='word_1_87' title='bbox 454 2579 618 2654; x_wconf 90' lang='lat' dir='ltr'>sollicite</span> <span class='ocrx_word' id='word_1_88' title='bbox 653 2605 881 2678; x_wconf 88' lang='lat' dir='ltr'>promovere</span> <span class='ocrx_word' id='word_1_89' title='bbox 925 2605 968 2655; x_wconf 92' lang='lat' dir='ltr'>ac</span> <span class='ocrx_word' id='word_1_90' title='bbox 1001 2581 1131 2656; x_wconf 87' lang='lat' dir='ltr'>fovere</span> <span class='ocrx_word' id='word_1_91' title='bbox 1166 2581 1403 2676; x_wconf 89' lang='lat' dir='ltr'>studuimus,</span> 
     </span>
     <span class='ocr_line' id='line_1_16' title="bbox 162 2695 1403 2794; baseline 0.003 -25"><span class='ocrx_word' id='word_1_92' title='bbox 162 2695 250 2770; x_wconf 88' lang='lat' dir='ltr'>ideo</span> <span class='ocrx_word' id='word_1_93' title='bbox 267 2697 371 2794; x_wconf 93' lang='lat' dir='ltr'>quod</span> <span class='ocrx_word' id='word_1_94' title='bbox 389 2702 564 2793; x_wconf 88' lang='lat' dir='ltr'>pastores</span> <span class='ocrx_word' id='word_1_95' title='bbox 583 2696 814 2788; x_wconf 89' lang='lat' dir='ltr'>animarum,</span> <span class='ocrx_word' id='word_1_96' title='bbox 834 2722 999 2794; x_wconf 92' lang='lat' dir='ltr'>quorum</span> <span class='ocrx_word' id='word_1_97' title='bbox 1017 2704 1076 2772; x_wconf 90' lang='lat' dir='ltr'>est</span> <span class='ocrx_word' id='word_1_98' title='bbox 1092 2698 1284 2794; x_wconf 90' lang='lat' dir='ltr'>populum</span> <span class='ocrx_word' id='word_1_99' title='bbox 1303 2698 1403 2773; x_wconf 87' lang='lat' dir='ltr'>veri·</span> 
     </span>
     <span class='ocr_line' id='line_1_17' title="bbox 162 2813 1406 2904; baseline 0.002 -18"><span class='ocrx_word' id='word_1_100' title='bbox 162 2818 262 2886; x_wconf 89' lang='lat' dir='ltr'>tates</span> <span class='ocrx_word' id='word_1_101' title='bbox 304 2813 496 2886; x_wconf 87' lang='lat' dir='ltr'>revelatas</span> <span class='ocrx_word' id='word_1_102' title='bbox 540 2814 685 2904; x_wconf 88' lang='lat' dir='ltr'>docere,</span> <span class='ocrx_word' id='word_1_103' title='bbox 726 2813 800 2886; x_wconf 90' lang='lat' dir='ltr'>rite</span> <span class='ocrx_word' id='word_1_104' title='bbox 844 2821 1083 2887; x_wconf 86' lang='lat' dir='ltr'>sacramenta</span> <span class='ocrx_word' id='word_1_105' title='bbox 1126 2814 1406 2891; x_wconf 90' lang='lat' dir='ltr'>administrare</span> 
     </span>
     <span class='ocr_line' id='line_1_18' title="bbox 163 2928 1406 3028; baseline 0.004 -27"><span class='ocrx_word' id='word_1_106' title='bbox 163 2928 395 3026; x_wconf 88' lang='lat' dir='ltr'>petentibus,</span> <span class='ocrx_word' id='word_1_107' title='bbox 415 2936 530 3026; x_wconf 89' lang='lat' dir='ltr'>atque</span> <span class='ocrx_word' id='word_1_108' title='bbox 557 2930 767 3003; x_wconf 87' lang='lat' dir='ltr'>secundum</span> <span class='ocrx_word' id='word_1_109' title='bbox 794 2929 1033 3027; x_wconf 90' lang='lat' dir='ltr'>praescripta</span> <span class='ocrx_word' id='word_1_110' title='bbox 1059 2929 1156 3028; x_wconf 85' lang='lat' dir='ltr'>legis</span> <span class='ocrx_word' id='word_1_111' title='bbox 1180 2928 1340 3005; x_wconf 89' lang='lat' dir='ltr'>divinae</span> <span class='ocrx_word' id='word_1_112' title='bbox 1365 2940 1406 3006; x_wconf 90' lang='lat' dir='ltr'>et</span> 
     </span>
     <span class='ocr_line' id='line_1_19' title="bbox 163 3043 1406 3143; baseline 0.003 -25"><span class='ocrx_word' id='word_1_113' title='bbox 163 3043 439 3119; x_wconf 88' lang='lat' dir='ltr'>ecclesiasticae</span> <span class='ocrx_word' id='word_1_114' title='bbox 470 3046 602 3119; x_wconf 89' lang='lat' dir='ltr'>fideles</span> <span class='ocrx_word' id='word_1_115' title='bbox 629 3045 811 3142; x_wconf 88' lang='lat' dir='ltr'>prudenti</span> <span class='ocrx_word' id='word_1_116' title='bbox 842 3044 1002 3119; x_wconf 91' lang='lat' dir='ltr'>consilio</span> <span class='ocrx_word' id='word_1_117' title='bbox 1028 3045 1195 3143; x_wconf 84' lang='lat' dir='ltr'>dirigere</span> <span class='ocrx_word' id='word_1_118' title='bbox 1224 3046 1267 3121; x_wconf 93' lang='lat' dir='ltr'>in</span> <span class='ocrx_word' id='word_1_119' title='bbox 1296 3048 1406 3122; x_wconf 91' lang='lat' dir='ltr'>viam</span> 
     </span>
     <span class='ocr_line' id='line_1_20' title="bbox 163 3159 1406 3258; baseline 0.005 -24"><span class='ocrx_word' id='word_1_120' title='bbox 163 3159 300 3234; x_wconf 88' lang='lat' dir='ltr'>salutis</span> <span class='ocrx_word' id='word_1_121' title='bbox 326 3168 515 3252; x_wconf 86' lang='lat' dir='ltr'>aeternae,</span> <span class='ocrx_word' id='word_1_122' title='bbox 543 3161 644 3235; x_wconf 88' lang='lat' dir='ltr'>docti</span> <span class='ocrx_word' id='word_1_123' title='bbox 672 3170 710 3236; x_wconf 90' lang='lat' dir='ltr'>et</span> <span class='ocrx_word' id='word_1_124' title='bbox 736 3161 929 3258; x_wconf 86' lang='lat' dir='ltr'>sapientes</span> <span class='ocrx_word' id='word_1_125' title='bbox 956 3162 1035 3236; x_wconf 92' lang='lat' dir='ltr'>sint</span> <span class='ocrx_word' id='word_1_126' title='bbox 1062 3162 1220 3237; x_wconf 90' lang='lat' dir='ltr'>omnino</span> <span class='ocrx_word' id='word_1_127' title='bbox 1248 3188 1406 3240; x_wconf 86' lang='lat' dir='ltr'>necesse</span> 
     </span>
     <span class='ocr_line' id='line_1_21' title="bbox 162 3277 1406 3376; baseline 0.004 -25"><span class='ocrx_word' id='word_1_128' title='bbox 162 3285 231 3351; x_wconf 86' lang='lat' dir='ltr'>est.</span> <span class='ocrx_word' id='word_1_129' title='bbox 284 3277 340 3351; x_wconf 90' lang='lat' dir='ltr'>At</span> <span class='ocrx_word' id='word_1_130' title='bbox 363 3303 502 3375; x_wconf 87' lang='lat' dir='ltr'>parurn</span> <span class='ocrx_word' id='word_1_131' title='bbox 527 3277 674 3352; x_wconf 90' lang='lat' dir='ltr'>clericis</span> <span class='ocrx_word' id='word_1_132' title='bbox 701 3278 876 3376; x_wconf 89' lang='lat' dir='ltr'>proderit</span> <span class='ocrx_word' id='word_1_133' title='bbox 901 3279 1019 3353; x_wconf 88' lang='lat' dir='ltr'>sacris</span> <span class='ocrx_word' id='word_1_134' title='bbox 1046 3279 1215 3353; x_wconf 87' lang='lat' dir='ltr'>scientiis</span> <span class='ocrx_word' id='word_1_135' title='bbox 1242 3279 1406 3357; x_wconf 88' lang='lat' dir='ltr'>ineunte</span> 
     </span>
     <span class='ocr_line' id='line_1_22' title="bbox 163 3393 1403 3495; baseline 0.005 -29"><span class='ocrx_word' id='word_1_136' title='bbox 163 3401 288 3469; x_wconf 90' lang='lat' dir='ltr'>aetate</span> <span class='ocrx_word' id='word_1_137' title='bbox 313 3393 490 3468; x_wconf 87' lang='lat' dir='ltr'>sedulam</span> <span class='ocrx_word' id='word_1_138' title='bbox 517 3419 676 3491; x_wconf 88' lang='lat' dir='ltr'>operam</span> <span class='ocrx_word' id='word_1_139' title='bbox 702 3420 877 3488; x_wconf 89' lang='lat' dir='ltr'>navasse,</span> <span class='ocrx_word' id='word_1_140' title='bbox 895 3395 928 3470; x_wconf 95' lang='lat' dir='ltr'>si</span> <span class='ocrx_word' id='word_1_141' title='bbox 955 3421 1075 3495; x_wconf 92' lang='lat' dir='ltr'>quum</span> <span class='ocrx_word' id='word_1_142' title='bbox 1102 3394 1214 3469; x_wconf 89' lang='lat' dir='ltr'>annis</span> <span class='ocrx_word' id='word_1_143' title='bbox 1242 3421 1403 3493; x_wconf 83' lang='lat' dir='ltr'>provec-</span> 
     </span>
     <span class='ocr_line' id='line_1_23' title="bbox 161 3509 1405 3612; baseline 0.005 -29"><span class='ocrx_word' id='word_1_144' title='bbox 161 3509 280 3584; x_wconf 89' lang='lat' dir='ltr'>tiores</span> <span class='ocrx_word' id='word_1_145' title='bbox 298 3518 401 3602; x_wconf 88' lang='lat' dir='ltr'>sunt,</span> <span class='ocrx_word' id='word_1_146' title='bbox 421 3510 618 3584; x_wconf 91' lang='lat' dir='ltr'>doctrinae</span> <span class='ocrx_word' id='word_1_147' title='bbox 635 3517 675 3584; x_wconf 89' lang='lat' dir='ltr'>et</span> <span class='ocrx_word' id='word_1_148' title='bbox 691 3511 847 3586; x_wconf 90' lang='lat' dir='ltr'>lectioni</span> <span class='ocrx_word' id='word_1_149' title='bbox 866 3538 942 3586; x_wconf 93' lang='lat' dir='ltr'>non</span> <span class='ocrx_word' id='word_1_150' title='bbox 961 3514 1175 3586; x_wconf 89' lang='lat' dir='ltr'>attendant.</span> <span class='ocrx_word' id='word_1_151' title='bbox 1229 3512 1405 3612; x_wconf 85' lang='lat' dir='ltr'>“Aliqui</span> 
     </span>
     <span class='ocr_line' id='line_1_24' title="bbox 163 3626 1404 3725; baseline 0.004 -26"><span class='ocrx_word' id='word_1_152' title='bbox 163 3651 303 3722; x_wconf 87' lang='lat' dir='ltr'>nempe</span> <span class='ocrx_word' id='word_1_153' title='bbox 337 3628 554 3700; x_wconf 85' lang='lat' dir='ltr'>sacerdotes</span> <span class='ocrx_word' id='word_1_154' title='bbox 586 3626 653 3724; x_wconf 91' lang='lat' dir='ltr'>qui</span> <span class='ocrx_word' id='word_1_155' title='bbox 688 3626 799 3700; x_wconf 92' lang='lat' dir='ltr'>initio</span> <span class='ocrx_word' id='word_1_156' title='bbox 835 3627 1142 3725; x_wconf 89' lang='lat' dir='ltr'>praeclarissime</span> <span class='ocrx_word' id='word_1_157' title='bbox 1176 3630 1404 3704; x_wconf 88' lang='lat' dir='ltr'>confessarii</span> 
     </span>
     <span class='ocr_line' id='line_1_25' title="bbox 162 3742 1403 3842; baseline 0.005 -28"><span class='ocrx_word' id='word_1_158' title='bbox 162 3767 305 3816; x_wconf 88' lang='lat' dir='ltr'>munus</span> <span class='ocrx_word' id='word_1_159' title='bbox 328 3750 591 3839; x_wconf 88' lang='lat' dir='ltr'>susceperunt,</span> <span class='ocrx_word' id='word_1_160' title='bbox 617 3742 708 3817; x_wconf 89' lang='lat' dir='ltr'>inde</span> <span class='ocrx_word' id='word_1_161' title='bbox 732 3752 822 3840; x_wconf 90' lang='lat' dir='ltr'>post</span> <span class='ocrx_word' id='word_1_162' title='bbox 847 3744 1076 3819; x_wconf 90' lang='lat' dir='ltr'>diuturnum</span> <span class='ocrx_word' id='word_1_163' title='bbox 1100 3750 1267 3842; x_wconf 90' lang='lat' dir='ltr'>tempus,</span> <span class='ocrx_word' id='word_1_164' title='bbox 1291 3746 1403 3820; x_wconf 91' lang='lat' dir='ltr'>omni</span> 
     </span>
     <span class='ocr_line' id='line_1_26' title="bbox 163 3857 1406 3961; baseline 0.005 -31"><span class='ocrx_word' id='word_1_165' title='bbox 163 3857 382 3933; x_wconf 86' lang='lat' dir='ltr'>studiorum</span> <span class='ocrx_word' id='word_1_166' title='bbox 407 3883 501 3932; x_wconf 88' lang='lat' dir='ltr'>eura</span> <span class='ocrx_word' id='word_1_167' title='bbox 531 3859 716 3956; x_wconf 82' lang='lat' dir='ltr'>neglecta,</span> <span class='ocrx_word' id='word_1_168' title='bbox 743 3859 950 3957; x_wconf 88' lang='lat' dir='ltr'>pristinam</span> <span class='ocrx_word' id='word_1_169' title='bbox 978 3859 1141 3934; x_wconf 90' lang='lat' dir='ltr'>Moralis</span> <span class='ocrx_word' id='word_1_170' title='bbox 1167 3860 1406 3961; x_wconf 83' lang='lat' dir='ltr'>Theologiae</span> 
     </span>
     <span class='ocr_line' id='line_1_27' title="bbox 163 3973 1404 4076; baseline 0.004 -28"><span class='ocrx_word' id='word_1_171' title='bbox 163 3973 364 4048; x_wconf 89' lang='lat' dir='ltr'>scientiam</span> <span class='ocrx_word' id='word_1_172' title='bbox 390 3973 588 4067; x_wconf 91' lang='lat' dir='ltr'>amittunt,</span> <span class='ocrx_word' id='word_1_173' title='bbox 607 3974 662 4048; x_wconf 89' lang='lat' dir='ltr'>ita</span> <span class='ocrx_word' id='word_1_174' title='bbox 688 3975 824 4073; x_wconf 92' lang='lat' dir='ltr'>utqui</span> <span class='ocrx_word' id='word_1_175' title='bbox 852 3976 893 4049; x_wconf 93' lang='lat' dir='ltr'>in</span> <span class='ocrx_word' id='word_1_176' title='bbox 920 3977 1111 4074; x_wconf 89' lang='lat' dir='ltr'>ejusmodi</span> <span class='ocrx_word' id='word_1_177' title='bbox 1137 3984 1220 4051; x_wconf 89' lang='lat' dir='ltr'>arte</span> <span class='ocrx_word' id='word_1_178' title='bbox 1246 3977 1404 4076; x_wconf 87' lang='lat' dir='ltr'>peritis·</span> 
     </span>
     <span class='ocr_line' id='line_1_28' title="bbox 163 4089 1405 4191; baseline 0.004 -27"><span class='ocrx_word' id='word_1_179' title='bbox 163 4089 253 4164; x_wconf 90' lang='lat' dir='ltr'>simi</span> <span class='ocrx_word' id='word_1_180' title='bbox 287 4090 451 4182; x_wconf 77' lang='lat' dir='ltr'>fuerant,</span> <span class='ocrx_word' id='word_1_181' title='bbox 482 4092 641 4165; x_wconf 86' lang='lat' dir='ltr'>tandem</span> <span class='ocrx_word' id='word_1_182' title='bbox 677 4091 815 4188; x_wconf 82' lang='lat' dir='ltr'>exigua</span> <span class='ocrx_word' id='word_1_183' title='bbox 849 4093 975 4166; x_wconf 89' lang='lat' dir='ltr'>solum</span> <span class='ocrx_word' id='word_1_184' title='bbox 1010 4095 1242 4191; x_wconf 85' lang='lat' dir='ltr'>confusaque</span> <span class='ocrx_word' id='word_1_185' title='bbox 1276 4092 1405 4191; x_wconf 87' lang='lat' dir='ltr'>ipsius</span> 
     </span>
     <span class='ocr_line' id='line_1_29' title="bbox 164 4205 1406 4305; baseline 0.005 -25"><span class='ocrx_word' id='word_1_186' title='bbox 164 4205 259 4280; x_wconf 91' lang='lat' dir='ltr'>artis</span> <span class='ocrx_word' id='word_1_187' title='bbox 288 4205 449 4280; x_wconf 90' lang='lat' dir='ltr'>scientia</span> <span class='ocrx_word' id='word_1_188' title='bbox 479 4205 692 4305; x_wconf 89' lang='lat' dir='ltr'>primisque</span> <span class='ocrx_word' id='word_1_189' title='bbox 720 4208 952 4282; x_wconf 88' lang='lat' dir='ltr'>rudimentis</span> <span class='ocrx_word' id='word_1_190' title='bbox 982 4209 1171 4302; x_wconf 91' lang='lat' dir='ltr'>instructi,</span> <span class='ocrx_word' id='word_1_191' title='bbox 1200 4210 1268 4283; x_wconf 82' lang='lat' dir='ltr'>vix</span> <span class='ocrx_word' id='word_1_192' title='bbox 1299 4210 1406 4286; x_wconf 89' lang='lat' dir='ltr'>inter</span> 
     </span>
     <span class='ocr_line' id='line_1_30' title="bbox 163 4323 1479 4420; baseline 0.005 -24"><span class='ocrx_word' id='word_1_193' title='bbox 163 4328 320 4420; x_wconf 78' lang='lat' dir='ltr'>tyrones</span> <span class='ocrx_word' id='word_1_194' title='bbox 355 4323 695 4398; x_wconf 88' lang='lat' dir='ltr'>adnumerentur.”</span> <span class='ocrx_word' id='word_1_195' title='bbox 763 4324 923 4420; x_wconf 89' lang='lat' dir='ltr'>(Bened.</span> <span class='ocrx_word' id='word_1_196' title='bbox 954 4324 1069 4399; x_wconf 89' lang='lat' dir='ltr'>XIV.</span> <span class='ocrx_word' id='word_1_197' title='bbox 1101 4325 1224 4400; x_wconf 88' lang='lat' dir='ltr'>insti.</span> <span class='ocrx_word' id='word_1_198' title='bbox 1260 4348 1402 4402; x_wconf 83' lang='lat' dir='ltr'>xxx11.</span> <span class='ocrx_word' id='word_1_199' title='bbox 1475 4373 1479 4380; x_wconf 78' lang='lat'>‚</span> 
     </span>
     <span class='ocr_line' id='line_1_31' title="bbox 164 4438 1403 4540; baseline 0.007 -31"><span class='ocrx_word' id='word_1_200' title='bbox 164 4462 202 4511; x_wconf 89' lang='lat' dir='ltr'>n.</span> <span class='ocrx_word' id='word_1_201' title='bbox 219 4438 272 4536; x_wconf 83' lang='grc'>4.)</span> <span class='ocrx_word' id='word_1_202' title='bbox 329 4439 437 4526; x_wconf 76' lang='lat' dir='ltr'>Quae</span> <span class='ocrx_word' id='word_1_203' title='bbox 455 4440 504 4511; x_wconf 90' lang='lat' dir='ltr'>de</span> <span class='ocrx_word' id='word_1_204' title='bbox 520 4439 763 4513; x_wconf 88' lang='lat' dir='ltr'>confessariis</span> <span class='ocrx_word' id='word_1_205' title='bbox 781 4439 875 4514; x_wconf 86' lang='lat' dir='ltr'>scite</span> <span class='ocrx_word' id='word_1_206' title='bbox 893 4441 1064 4515; x_wconf 87' lang='lat' dir='ltr'>declarat</span> <span class='ocrx_word' id='word_1_207' title='bbox 1087 4441 1403 4540; x_wconf 82' lang='lat' dir='ltr'>sapientissimus</span> 
     </span>
    </p>
   </div>
   <div class='ocr_carea' id='block_1_7' title="bbox 0 0 1576 5242">
    <p class='ocr_par' dir='ltr' id='par_1_8' title="bbox 0 0 1576 5242">
     <span class='ocr_line' id='line_1_32' title="bbox 0 0 1576 5242; baseline 0 1"><span class='ocrx_word' id='word_1_208' title='bbox 0 0 1576 5242; x_wconf 95' lang='lat' dir='ltr'> </span> 
     </span>
    </p>
   </div>
  </div>
 </body>
</html>
