3142 5242
357 496 411 541 nu
441 494 707 541 nncronrnus
736 493 1123 540 rnnnovrsrmnus.
1315 477 1358 541 23

66 669 70 676 ’
123 652 225 727 infra
243 652 501 726 statuendam.
539 650 648 725 Inter
660 675 725 724 eos
738 648 805 748 qui
822 647 1229 724 hisceconditionibus
1246 647 1356 723 satis·

122 768 294 861 fecerint,
313 768 448 842 electio
469 766 659 865 dignioris
681 766 916 864 relinquitur
932 765 1080 862 judicio
1103 771 1144 840 et
1165 765 1357 840 conscien-

123 885 201 961 tiae
235 883 431 983 Episcopi,
462 884 572 958 salva
606 881 868 980 appellatione
896 881 1012 979 juxta
1043 880 1358 957 constitutionem

123 1027 153 1077 s.
172 1027 224 1080 m.
240 1000 442 1076 Benedicti
460 1000 587 1093 XIV,
609 1001 697 1074 Oum
712 999 828 1092 illud,¹
844 998 923 1074 diei
941 999 991 1074 14
1007 997 1097 1074 Dec.
1116 997 1225 1076 1742.

172 1118 233 1195 37.
268 1116 462 1205 Volumus
488 1123 633 1209 tamen,
659 1122 704 1190 ut
729 1114 913 1213 Episcopi
937 1114 1121 1190 facultate
1149 1116 1356 1213 gaudeant,

123 1259 194 1332 pro
214 1238 342 1334 primu
368 1236 452 1326 vice,
480 1232 624 1307 omisso
654 1256 843 1306 concursu
872 1231 1055 1307 Rectores
1083 1230 1356 1306 inamovibiles

122 1349 352 1449 designandi
386 1374 483 1447 quos
517 1348 642 1447 magis
676 1347 814 1446 dignos
847 1354 887 1422 et
920 1347 1079 1423 idoneos
1112 1373 1241 1422 coram
1273 1347 1357 1423 Deo

116 1466 389 1566 judicaverint,
407 1464 636 1564 praehabito
652 1462 813 1539 consilio
830 1463 1104 1539 Consultorum
1122 1489 1293 1540 suorum.

170 1585 232 1660 38.
271 1583 413 1657 Rector
441 1580 711 1656 missionarius
744 1588 1019 1680 permanenter
1050 1580 1254 1657 institutus
1287 1605 1356 1656 seu

121 1698 399 1792 inamovibilis,
433 1723 458 1773 a
491 1723 563 1772 sua
596 1697 782 1772 missione
814 1697 1013 1772 definitive
1045 1698 1239 1774 removeri
1277 1724 1356 1773 non

120 1816 275 1915 poterit,
302 1814 378 1889 nisi
407 1815 457 1890 ob
483 1839 640 1889 causam
667 1811 903 1906 canonicam,
929 1821 1077 1890 ettam
1104 1814 1146 1890 in
1172 1815 1356 1891 remediis

120 1931 383 2031 praeventivis
404 1956 522 2029 quam
545 1929 774 2028 repressivis
797 1937 952 2005 servata
973 1931 1100 2005 forma
1121 1932 1355 2031 procedendi

114 2049 228 2147 juxta
253 2073 432 2122 normam
451 2045 724 2122 Instructionis
750 2047 787 2121 S.
807 2045 1125 2145 Congregationis
1142 2050 1192 2124 de
1208 2048 1354 2148 Propa·
1422 2049 1426 2056 ’

119 2167 249 2262 ganda
266 2163 365 2239 Fide
385 2165 433 2238 de
458 2162 733 2261 cognoscendis
757 2170 797 2236 et
823 2162 1051 2238 definiendis
1076 2165 1203 2239 causis
1227 2166 1353 2241 crimi-

120 2280 274 2356 nalibus
298 2288 337 2354 et
361 2278 676 2376 disciplinaribus
701 2277 939 2371 clericorum,
956 2305 1055 2377 quae
1079 2280 1218 2378 incipit
1243 2285 1356 2358 “Cum

120 2395 376 2496 Mopsoperc,’'
422 2394 647 2493 nuperrime
692 2396 743 2470 ad
790 2393 1003 2493 Episcopos
1050 2396 1353 2474 Foederatorum

79 2580 83 2589 .
119 2515 300 2589 Statuum
326 2510 531 2586 Americae
556 2510 879 2608 Septentrionalis
896 2511 1089 2588 directae.2

167 2630 316 2704 Causae
342 2630 393 2702 ob
420 2653 518 2727 quas
543 2635 671 2701 rector
696 2626 962 2703 inamovibilis
989 2629 1133 2726 deponi
1163 2632 1285 2730 possit
1315 2640 1355 2707 et

118 2745 258 2820 debeat
272 2743 314 2819 in
332 2744 424 2842 jure
441 2743 700 2836 continentur,
716 2748 757 2818 et
774 2744 907 2817 adeas
924 2745 1121 2842 pertinent
1136 2749 1353 2846 generatim

118 2861 251 2936 omnia
267 2860 409 2973 &licta
432 2859 475 2934 in
497 2884 617 2958 grave
634 2858 842 2935 discrimen
860 2860 1108 2959 disciplinam
1125 2865 1351 2941 ecclesiasti·

117 3003 204 3053 cam
228 2977 293 3053 vel
318 2977 412 3075 jura
437 2975 520 3051 sive
545 2974 768 3074 spiritualia
791 2976 876 3050 sive
898 2979 1132 3076 temporalia
1156 2982 1353 3058 missionis

117 3092 360 3184 adducentia,
379 3116 545 3191 quorum
562 3101 656 3166 reus
674 3089 872 3166 convictus
890 3094 1016 3169 fuerit.
1061 3095 1139 3171 Pro
1157 3099 1352 3195 praesenti

117 3235 249 3285 rerum
280 3215 503 3283 nostrarum
532 3206 752 3282 conditione
779 3210 829 3283 ad
860 3208 931 3283 has
957 3235 1090 3286 causas
1122 3216 1352 3291 nominatim

117 3327 312 3426 pertinere
330 3324 576 3400 declarantur
592 3330 814 3423 sequentes:

169 3443 201 3518 Ι.
231 3440 500 3517 Inobedientia
520 3440 700 3540 pertinax
715 3440 757 3514 in
775 3467 817 3515 re
835 3443 968 3541 magni
995 3448 1181 3522 momenti
1206 3450 1353 3548 regulis

118 3560 167 3634 ab
180 3557 387 3634 Ordinario
405 3557 623 3632 constitutis
640 3557 722 3632 sive
739 3582 811 3656 pro
825 3559 1161 3638 administratione
1177 3564 1352 3662 ipsarum

118 3675 236 3750 etiam
254 3673 528 3772 temporalium
547 3698 678 3748 rerum
696 3698 789 3748 suae
812 3674 1020 3770 missionis,
1039 3678 1121 3753 sive
1138 3705 1210 3778 pro
1228 3683 1351 3759 oneri·

118 3793 192 3867 bus
208 3790 446 3867 dioecesanis
465 3789 727 3865 sublevandis.

169 3905 225 3983 ΙΙ.
269 3909 420 4005 Aperta
453 3905 679 3981 detrectatio
712 3909 988 3984 mandatorum
1024 3910 1222 3989 Ordinarii
1264 3924 1355 4016 post

118 4022 304 4123 repetitas
331 4020 615 4097 admonitiones
645 4024 695 4097 ad
721 4023 872 4098 scholas
902 4026 1109 4101 catholicas
1135 4039 1352 4109 sustentan-

118 4143 189 4217 das
213 4164 303 4215 cum
332 4137 445 4237 gravi
474 4162 609 4213 earum
635 4140 790 4232 damno,
817 4141 879 4216 vel
910 4143 961 4217 ad
992 4169 1112 4219 novas
1137 4149 1352 4246 erigendas

118 4265 326 4356 postquam
356 4253 587 4330 Ordinarius
617 4280 660 4329 re
691 4264 843 4331 mature
881 4260 1096 4357 ponderata
1130 4266 1352 4362 declaravit,

151 4439 256 4503 ¹Quam
267 4436 330 4490 vide
341 4437 471 4503 integram
488 4454 547 4489 cum
564 4436 625 4488 aliis
641 4437 736 4490 haedo
747 4455 776 4490 re
787 4438 950 4492 documentis
967 4441 996 4493 in
1013 4443 1084 4495 soliis
1100 4447 1240 4512 periodicis
1251 4448 1353 4504 Actu&

118 4523 196 4585 Sedis,
208 4522 334 4585 vol.v11.,
347 4537 372 4586 p.
384 4522 434 4571 353
444 4538 515 4588 sqq.;
532 4529 559 4572 et
570 4520 641 4587 apud
653 4521 752 4588 Incidi,
765 4523 783 4574 l.
795 4540 826 4589 e,
838 4541 864 4591 p.
877 4526 934 4577 246.

71 4625 76 4634 ·
152 4604 241 4657 'Vide
251 4603 281 4656 in
292 4604 442 4672 Appcndioe,
454 4620 480 4670 p.
490 4605 548 4656 287.
