3142 5242
227 472 269 534 64
476 483 659 531 amenus
688 483 862 529 lin-nn
890 483 1209 531 sncnnnnnms.

227 640 325 716 inire
352 646 546 715 attentant
571 638 747 736 legitimo
767 636 923 713 vinculo
950 639 1183 737 posthabito,
1200 639 1307 739 quod
1331 663 1465 714 coram

228 757 311 833 Deo
336 764 375 832 et
402 755 575 831 Ecclesia
599 756 727 830 adhuc
752 761 895 829 manet.
947 755 1014 832 Ad
1040 757 1135 832 haec
1163 756 1330 831 crimina
1358 782 1463 832 com·

226 875 418 974 pescenda
450 897 616 971 poenam
650 870 1059 949 excommunicationis
1091 872 1313 968 statuimus,
1348 873 1462 950 Ordi-

228 989 337 1064 nario
367 995 617 1075 reservatam,
651 991 730 1087 ipso
762 988 874 1086 facto
906 987 1180 1064 incurrendam
1213 990 1264 1065 ab
1297 988 1367 1081 eis,
1396 989 1464 1089 qui

227 1114 434 1205 postquam
474 1103 687 1180 divortium
726 1103 840 1179 civile
877 1104 1126 1198 obtinuerint,
1166 1105 1464 1182 matrimonium
1547 1198 1550 1204 Ι

227 1221 311 1297 ansi
341 1221 487 1297 fuerint
511 1228 712 1296 attentare.

278 1341 362 1414 125.
391 1337 573 1414 Rectores
586 1337 806 1413 animarum
824 1363 939 1438 saepe
956 1347 1140 1415 moneant
1155 1339 1289 1416 fideles
1307 1365 1358 1416 ne
1374 1364 1462 1440 pro·

226 1457 406 1531 fanorum
437 1453 641 1528 hominum
671 1479 800 1529 errore
830 1454 1074 1552 abripiantur
1102 1455 1169 1555 qui
1198 1480 1271 1554 pro
1308 1456 1463 1555 negotio

225 1579 380 1647 terreno
397 1578 551 1646 tantum
569 1578 609 1645 et
625 1570 812 1645 saeculari
830 1570 1125 1645 matrimonium
1142 1572 1309 1666 habent3
1335 1572 1462 1675 iisque

226 1687 267 1763 in
298 1686 527 1762 memoriam
556 1694 738 1762 revocent
766 1686 880 1785 juxta
909 1687 1126 1763 doctrinam
1157 1688 1353 1766 Ecclesiae
1377 1716 1462 1767 rem

225 1830 309 1881 esse
336 1803 620 1878 sanctissimam
646 1809 781 1902 utpote
807 1811 1103 1898 sacramentum,
1129 1813 1169 1881 et
1197 1804 1353 1905 signum
1385 1833 1462 1906 quo

225 1920 403 1995 Christus
434 1945 549 1995 suum
582 1944 675 2018 erga
704 1944 887 2018 sponsam
918 1918 1131 1996 Ecclesiam
1165 1947 1339 1997 amorem
1369 1948 1461 2022 quo-

179 2122 180 2131 ,
224 2038 434 2113 dammodo
452 2036 685 2112 adumbrare
698 2036 881 2135 dignatus
898 2044 968 2113 est.
1021 2037 1260 2137 Frequenter
1275 2047 1316 2115 et
1331 2038 1461 2139 gravi·

223 2154 297 2229 bus
315 2153 444 2228 verbis
470 2153 664 2228 inculcent
688 2152 798 2252 pium
816 2152 930 2228 illum
947 2161 988 2229 et
1003 2155 1240 2231 laudabilem
1266 2155 1463 2233 Ecclesiae

222 2269 459 2369 ritumque
489 2270 622 2345 fideles
650 2294 727 2344 non
756 2279 871 2345 noctu
899 2271 968 2345 sed
996 2271 1138 2346 missae
1165 2279 1344 2370 tempore
1371 2298 1461 2349 cum

222 2386 490 2462 benedictione
523 2384 692 2485 nuptiali
726 2387 986 2463 contrahunt.¹
1040 2385 1128 2477 Qua
1158 2387 1310 2464 ratione
1342 2390 1460 2465 fidem

223 2528 335 2579 suam
366 2501 605 2578 Catholioam
635 2502 750 2577 tacite
780 2503 1012 2602 profitentur
1045 2510 1086 2579 et
1116 2529 1247 2580 coram
1277 2505 1460 2582 omnibus

222 2621 434 2695 ostendunt
458 2643 576 2718 quam
602 2619 692 2712 alte,
719 2626 764 2695 ut
787 2621 906 2713 decet,
933 2644 978 2695 ac
1002 2620 1207 2719 splendide
1240 2622 1289 2697 de
1323 2620 1457 2697 matri·

223 2735 345 2810 monii
372 2735 562 2833 dignitate
587 2760 632 2810 ac
656 2734 861 2810 sanctitate
896 2735 1074 2813 sentiant.
1126 2737 1181 2812 Et
1203 2737 1276 2812 hoc
1301 2738 1459 2838 quidem

223 2877 301 2926 non
327 2852 455 2926 solum
480 2850 595 2926 laude
621 2850 784 2950 dignum
810 2853 879 2927 sed
912 2854 992 2928 fere
1022 2853 1279 2928 necessarium
1305 2853 1461 2931 videtur

222 2969 366 3043 nostris
392 2967 497 3042 hisce
520 2968 762 3065 temporibus
786 2971 941 3067 quando
965 2969 1064 3043 nihil
1088 2969 1324 3046 intentatum
1341 2971 1457 3048 relin-

222 3091 349 3184 quunt
365 3083 564 3182 religionis
587 3084 728 3177 hostes,
747 3092 791 3159 ut
814 3085 1063 3160 matrimonio
1083 3086 1211 3162 omnis
1228 3087 1457 3183 sanctitatis

222 3200 350 3276 omnis
385 3199 617 3275 sacramenti
652 3200 809 3299 species,
841 3200 874 3275 si
903 3200 988 3276 fieri
1020 3210 1158 3300 potest,
1188 3203 1388 3281 adimatur
1421 3214 1460 3282 et

222 3317 334 3417 quasi
370 3342 500 3392 merus
534 3316 662 3390 civilis
695 3325 914 3392 contractus
956 3320 1191 3395 aestimetur.
1262 3320 1459 3397 Fidelium

222 3432 483 3509 matrimoniis
514 3432 712 3531 praemitti
742 3433 861 3508 etiam
894 3435 1052 3510 deberet
1080 3442 1345 3535 opportunum
1373 3463 1458 3514 exa·

221 3549 323 3636 meri,
359 3575 434 3648 quo
477 3548 745 3623 contrahentes
788 3551 836 3624 de
878 3550 1066 3648 religione
1107 3553 1380 3629 examinentur
1421 3561 1460 3629 et

221 3665 473 3742 instruantur.

274 3784 357 3858 126.
389 3782 606 3875 Praeterea,
633 3808 708 3881 quo
735 3782 861 3881 magis
886 3784 1087 3884 magisque
1113 3786 1297 3884 dignitati
1323 3787 1457 3861 matri·

221 3899 343 3975 monii
386 3900 621 3992 consulatur,
656 3901 761 3997 quod
803 3926 990 3999 magnum
1033 3902 1074 3976 in
1109 3902 1284 3977 Ecclesia
1322 3904 1454 3979 Sacra·

221 4023 397 4091 mentum
445 4022 515 4109 est,
557 4041 581 4091 a
623 4040 698 4114 quo
742 4014 948 4092 innumera
993 4019 1095 4093 bona
1138 4017 1339 4117 profluunt
1384 4045 1456 4119 pro

220 4132 441 4208 animarum
462 4133 597 4225 salute,
616 4157 687 4230 pro
708 4157 801 4230 pace
822 4132 1072 4228 familiarum,
1090 4161 1162 4234 pro
1181 4135 1306 4234 ipsius
1328 4136 1455 4211 civilis

218 4249 456 4348 reipublicae
489 4248 757 4323 incolumitate
786 4275 829 4323 ac
859 4252 1140 4349 prosperitate;
1175 4253 1223 4327 iis
1258 4254 1452 4347 omnibus

220 4365 286 4465 qui
318 4365 566 4440 matrimonio
594 4365 789 4463 conjuncti
818 4376 921 4462 sunt,
947 4368 1217 4468 praecipimus,
1245 4395 1294 4445 ne
1323 4373 1453 4446 incon·

220 4484 323 4556 suita
357 4482 584 4556 auctoritate
618 4482 882 4576 ecclesiastica,
910 4485 1123 4560 tribunalia
1151 4486 1283 4561 civilia
1313 4488 1456 4562 adeant

254 4648 341 4700 'l'ide
354 4649 494 4700 Decretum
508 4649 540 4701 U.
554 4649 660 4715 inquis,
674 4650 702 4700 in
716 4650 866 4717 Appmdice,
878 4669 903 4718 p.
913 4655 971 4705 248.
