3142 5242
316 477 370 523 nn
398 478 719 526 surnnronrsus
748 480 928 527 senonis
957 471 1237 530 carucarum.
1344 470 1404 531 111

623 920 839 995 CAPUT
879 922 950 997 ΙΙ.

350 1118 414 1193 Du
439 1121 742 1195 surnoronmos
768 1120 940 1195 Scuonrs
967 1121 1223 1199 Cnrnomcrs.

217 1318 303 1392 208.
335 1317 433 1392 Cum
461 1319 501 1392 in
523 1318 607 1393 dies
630 1325 819 1417 augeatur
841 1345 1025 1395 numerus
1049 1321 1241 1419 juvenum
1265 1323 1403 1399 Catho-

167 1432 342 1527 ficorum,
369 1434 437 1532 qui
463 1435 526 1510 vel
556 1435 696 1533 opibus
721 1435 784 1511 vel
819 1435 1065 1535 ingeniove]
1097 1445 1263 1537 utroquo
1293 1465 1403 1539 prae·

167 1550 374 1626 stantiores
416 1551 559 1625 scholis
596 1552 884 1650 parochialibus
918 1552 1106 1628 absolutis
1140 1555 1191 1628 ad
1225 1554 1404 1631 altiorem

165 1665 405 1742 educationis
423 1692 580 1742 cursum
598 1667 812 1766 adspirant,
830 1693 954 1768 pauca
970 1670 1162 1767 quaedam
1185 1672 1233 1745 dc
1256 1671 1404 1770 superi·

166 1781 300 1857 oribus
330 1783 472 1858 scholis
502 1782 712 1858 Catholicis
741 1785 886 1859 addere
915 1784 1054 1883 placet.
1123 1785 1208 1861 Alii
1237 1811 1405 1888 namque

166 1898 279 1998 pueri
297 1898 487 1973 Catholici
505 1906 654 1974 mentes
671 1899 878 1999 oculosque
898 1901 950 1975 ad
973 1925 1125 1977 sacrum
1143 1901 1404 1979 ministerium

165 2014 372 2106 attollunt;
400 2014 468 2089 alii
490 2014 705 2107 liberalem,
723 2039 842 2114 quam
866 2015 1011 2108 dicunt,
1029 2017 1309 2116 professionem
1330 2020 1404 2094 sibi

166 2130 457 2229 adipiscendam
483 2137 718 2230 proponunt.
789 2132 849 2207 De
873 2132 933 2225 iis,
960 2131 1027 2231 qui
1053 2132 1270 2209 ministerio
1296 2159 1404 2210 sacro

165 2272 250 2324 sese
283 2248 507 2346 mancipare
545 2248 779 2341 desiderant,
815 2247 857 2323 in
899 2248 1072 2347 collegiis
1114 2255 1154 2325 61
1196 2251 1405 2327 academiis

166 2363 376 2439 Catholicis
415 2388 459 2438 ac
497 2363 719 2439 seminariis
757 2364 985 2439 clericorum
1022 2365 1108 2463 jam
1143 2365 1239 2441 satis
1274 2367 1405 2466 ample

165 2480 367 2579 provisum
394 2486 473 2573 cst;
508 2479 645 2555 ceteris
670 2505 762 2554 vero
793 2480 937 2580 plures,
965 2480 1146 2556 meliores
1172 2506 1216 2556 ac
1241 2482 1404 2558 tutiores

165 2596 252 2672 viae
287 2598 338 2671 ad
370 2598 467 2671 fines
501 2620 592 2671 suos
625 2597 885 2695 assequendos
914 2595 1074 2670 omnino
1104 2603 1197 2673 sunt
1230 2597 1403 2696 aperien-

165 2715 250 2789 dae.
318 2712 482 2788 Utinam
520 2712 606 2810 jam
649 2736 763 2805 nune,
798 2713 903 2810 quod
936 2719 1040 2787 certo
1074 2719 1285 2788 venturum
1319 2739 1405 2790 esse

164 2853 379 2929 speramus,
405 2853 468 2903 res
498 2827 554 2903 ita
583 2827 738 2927 disponi
768 2833 808 2903 et
838 2827 1006 2903 stabiliri
1035 2828 1197 2928 possint,
1224 2836 1270 2905 ut
1292 2830 1403 2928 juve-

165 2970 234 3021 nes
269 2944 458 3021 Catholici
497 2970 545 3019 ex
582 2943 792 3019 Catholicis
834 2943 977 3019 scholis
1019 2945 1321 3021 elementaribus
1362 2946 1404 3022 in

165 3061 384 3137 Catholicas
426 3061 577 3136 scholas
619 3060 838 3159 superiores
871 3060 1020 3136 intrare
1062 3069 1102 3136 et
1142 3086 1212 3161 per
1254 3088 1320 3138 cas
1354 3066 1405 3139 ad

164 3186 311 3255 metam
337 3177 619 3253 desideriorum
644 3201 805 3251 suorum
833 3201 1031 3252 accurrere
1058 3179 1220 3276 possint.
1273 3178 1404 3254 Nimis

164 3295 390 3395 frequenter
418 3293 525 3369 enim
556 3291 705 3386 accidit,
732 3299 776 3368 ut
805 3291 834 3367 ii
865 3291 932 3391 qui
962 3293 1074 3391 pueri
1105 3293 1161 3392 pii
1192 3319 1236 3369 ac
1265 3295 1356 3394 puri
1382 3321 1404 3371 e

163 3411 255 3487 sinu
274 3410 447 3486 familiae
467 3409 710 3484 Christianae
730 3416 770 3484 et
794 3410 844 3484 do
866 3409 1060 3484 subtecto
1084 3410 1239 3486 scholae
1264 3411 1403 3486 Catho-

164 3527 262 3603 licae
295 3527 337 3602 in
371 3526 535 3626 collegia
567 3525 780 3601 acatholica
813 3532 1028 3618 transeunt,
1054 3525 1215 3601 scientia
1244 3527 1404 3626 quidem

164 3643 303 3735 inflati,
334 3643 494 3718 caritate
520 3666 623 3734 veru,
655 3641 680 3716 i.
712 3666 744 3716 e.
776 3642 852 3716 fide
887 3641 1136 3740 moribusque
1172 3642 1404 3717 Christianis

164 3759 310 3860 privati
341 3766 599 3834 revertantur.

214 3876 302 3953 209.
337 3875 546 3951 Monemus
563 3874 684 3973 igitur
701 3882 741 3950 61
758 3875 800 3949 in
818 3874 987 3948 Domino
1006 3875 1251 3950 obsecramus
1269 3876 1404 3952 fideles

164 3999 329 4087 nostros,
356 3997 400 4068 ut
424 3989 546 4066 unitis
571 3990 721 4066 viribus
755 3990 906 4066 felicem
940 3989 1056 4064 illum
1088 4015 1222 4065 rerum
1256 3999 1403 4067 statum

164 4109 388 4202 accelerent,
405 4132 482 4207 quo
499 4106 731 4199 academiae,
748 4107 922 4206 collegia,
941 4106 1215 4182 universitates
1232 4105 1402 4182 Catholi-

163 4249 231 4302 cae
255 4231 339 4300 tam
364 4248 573 4300 numerosa
588 4222 668 4299 sint
684 4229 844 4322 tamque
868 4221 1106 4315 excellentia,
1124 4230 1169 4298 ut
1193 4247 1329 4298 omnes
1352 4224 1404 4299 ad

164 4365 289 4418 unum
305 4341 473 4440 juvenes
493 4339 684 4415 Catholici
703 4338 837 4415 omnia
853 4337 1067 4438 quaeipsis
1088 4338 1323 4414 addiscenda
1339 4339 1402 4415 vel

166 4458 432 4557 aparentibus
450 4464 733 4556 proponuntur,
751 4455 814 4531 vel
835 4454 913 4554 ipsi
931 4453 1005 4529 sibi
1023 4454 1183 4553 eligunt,
1202 4452 1243 4528 in
1261 4454 1404 4530 scholis

166 4573 375 4650 Catholicis
401 4573 578 4648 invenire
604 4572 777 4671 possint!
