3142 5242
440 466 494 513 nn
523 466 673 514 causrs
703 465 1137 536 unrnruouranrnus.
1343 447 1406 511 277

170 624 401 712 Evangelicam
426 633 459 690 et
483 622 705 710 Apostolicam
730 621 908 688 doctrinam
933 645 1009 707 esse,
1035 623 1276 689 matrimonium
1300 620 1407 687 valide

167 728 362 794 celebratum
375 727 461 796 solvi
475 750 542 794 non
556 749 647 813 posse
661 735 792 814 propter
805 725 1010 810 adulterium,
1026 726 1079 792 vel
1095 735 1227 813 propter
1241 724 1405 791 molestam

167 832 444 916 cohabitationem,
459 840 517 897 aut
538 830 668 918 longam
689 838 723 896 et
743 830 920 896 affectatam
935 831 1080 919 coniugis
1100 831 1199 895 unius
1219 829 1405 912 absentiam,

167 945 224 1002 aut
250 944 383 1023 propter
409 933 500 1002 aliud
529 933 755 1022 quodcumque
783 934 943 1000 motivum
967 934 1009 1000 ab
1035 934 1200 999 haereticis
1224 934 1404 1000 confictum.

168 1040 280 1121 Quare
292 1041 320 1104 si
335 1039 522 1123 constiterit,
536 1062 556 1104 a
570 1038 788 1104 tribunalibus
807 1037 1036 1104 haereticorum
1059 1038 1102 1104 ob
1122 1037 1266 1125 aliquam
1280 1059 1321 1103 ex
1336 1037 1406 1103 istis
1450 1071 1453 1076 ·

167 1144 345 1211 rationibus
358 1143 547 1231 praecedens
557 1143 798 1208 matrimonium
812 1141 1006 1207 dissolutum
1020 1141 1129 1226 fuisse,
1140 1164 1251 1207 <suasa
1265 1142 1299 1206 iu
1315 1141 1405 1207 favo-

167 1270 236 1313 rem
249 1247 380 1313 secundi
394 1246 593 1313 matrimonii
614 1268 635 1311 a
653 1244 812 1337 tribunali
832 1245 988 1312 catholico
1007 1268 1048 1312 ne
1062 1245 1262 1312 admittenda
1273 1245 1404 1332 quidem

166 1374 224 1418 seu
238 1351 468 1418 introducenda
487 1351 558 1417 erit.
599 1349 640 1443 §i
655 1373 732 1417 vero
753 1349 896 1416 eiusdem
909 1349 1078 1416 dissolutio
1099 1349 1198 1415 fuerit
1218 1349 1343 1415 decreta
1364 1349 1405 1415 ob

166 1456 268 1522 alium
283 1456 417 1521 titulum
438 1478 459 1521 a
480 1455 550 1521 iure
570 1454 722 1522 canonico
736 1453 945 1542 recognitum,
959 1453 1123 1519 sciendum
1145 1462 1201 1538 est,
1215 1463 1285 1519 acta
1305 1476 1325 1519 a
1346 1453 1406 1519 tri·

166 1559 279 1627 buuali
301 1559 457 1626 haeretico
479 1558 622 1626 confecta
642 1558 753 1626 valore
775 1557 913 1624 iuridico
933 1581 1048 1642 carere,
1068 1568 1101 1625 et
1121 1581 1162 1624 ex
1184 1557 1264 1645 ipsis
1283 1558 1405 1624 solum-

167 1664 264 1732 modo
278 1664 433 1730 iudicium
448 1664 590 1751 proferre
610 1662 767 1729 catholico
787 1662 888 1728 iudici
905 1662 1040 1728 minime
1056 1662 1159 1729 licere.
1204 1663 1315 1744 Quare
1327 1671 1405 1728 tunc

165 1791 276 1835 caussa
295 1791 337 1834 ex
359 1769 484 1855 integro
504 1768 566 1834 erit
586 1766 793 1850 instituenda,
808 1776 841 1833 et
854 1766 947 1832 iuxta
968 1789 1009 1833 ss.
1025 1789 1159 1832 muones
1173 1766 1403 1854 pertractanda.

138 1947 141 1952 ,
166 1871 320 1942 Vetitum
341 1881 449 1938 tamen
470 1895 536 1938 non
557 1880 614 1954 est,
630 1871 697 1936 imo
717 1869 892 1959 aliquando
912 1870 1070 1957 expediet,
1085 1879 1124 1936 ut
1143 1880 1214 1937 acta
1233 1871 1405 1937 tribunalis

165 1974 315 2042 haeretici
328 1977 543 2065 requirantur,
559 1998 624 2063 quo
645 1974 771 2063 plenior
787 1974 946 2040 factorum
960 1982 993 2040 et
1006 1974 1316 2040 circumstantiarum
1329 1998 1404 2062 cog·

165 2080 249 2146 nitio
268 2080 456 2168 attingatur.
502 2079 577 2145 Imc
599 2080 628 2144 si
651 2078 838 2145 huiusmodi
860 2077 1050 2145 documenta
1071 2101 1092 2145 a
1114 2079 1262 2165 partibus
1284 2079 1404 2144 fuerint

165 2184 321 2268 exhibita,
339 2182 517 2250 dummodo
538 2182 624 2249 nihil
645 2181 736 2249 aliud
756 2183 870 2266 obstet,
891 2192 1045 2270 poterunt
1065 2183 1222 2266 adhiberi,
1244 2192 1342 2271 atque
1363 2207 1403 2248 ex

165 2288 233 2354 illis
249 2288 369 2354 iudicia
382 2288 502 2376 colligi.
548 2287 660 2352 Partes
678 2296 787 2353 tamen
805 2296 901 2353 erunt
918 2309 1045 2374 semper
1056 2286 1242 2371 audiendae,
1257 2310 1315 2353 nec
1328 2311 1402 2371 nou,

165 2400 322 2481 quatenus
358 2391 428 2458 fieri
463 2391 590 2479 poterit,
619 2391 717 2456 etiam
753 2398 848 2457 testes
875 2390 997 2478 singuli
1033 2391 1151 2456 iterum
1184 2390 1220 2456 in
1249 2390 1403 2456 iudicium

164 2495 311 2580 vocandi,
335 2504 368 2561 et
396 2494 615 2582 interrogandi
645 2494 688 2560 ad
717 2517 864 2560 normam
889 2495 1004 2560 harum
1034 2495 1229 2582 regularum.
1289 2495 1404 2582 Neque

165 2599 343 2666 omittenda
362 2599 500 2665 aliarum
520 2621 728 2686 personarum
749 2596 885 2664 iuridica
905 2597 1063 2688 depositio
1086 2599 1115 2664 si
1139 2597 1248 2665 adesse
1271 2600 1403 2686 cogno's-

164 2711 299 2786 cantur3
331 2703 416 2769 sicut
444 2725 548 2790 neque
574 2701 640 2768 alia
667 2712 747 2786 acta,
773 2723 856 2790 quae
880 2703 933 2768 vel
962 2703 1143 2770 moderator
1171 2703 1225 2770 vel
1257 2702 1404 2769 defensor

164 2806 362 2874 matrimonii
390 2807 563 2873 necessaria
590 2807 819 2894 reputaverint
870 2804 907 2873 si
935 2808 1098 2894 perpensis
1127 2807 1276 2873 omnibus
1305 2806 1403 2873 iudex

164 2911 330 2995 censuerit,
344 2911 535 2977 sententiam
555 2910 741 2976 edicendam
761 2932 828 2976 esse
847 2910 1045 2977 conformem
1066 2911 1239 2976 sententiae
1259 2935 1278 2976 a
1301 2911 1404 2977 tribu-

165 3013 232 3081 nali
250 3014 409 3081 haeretico
426 3014 578 3102 prolatae,
593 3037 771 3102 numquam
791 3022 899 3080 tamen
918 3015 1012 3079 istam
1032 3014 1221 3081 sententiam
1238 3022 1403 3103 tamquam

164 3118 214 3184 sni
240 3117 351 3184 iudicii
376 3119 537 3185 motivum
559 3117 708 3184 invocare
727 3116 876 3201 debebit3
892 3140 1008 3204 ,neque
1028 3119 1099 3184 ullo
1120 3117 1216 3184 modo
1237 3128 1310 3206 post
1334 3142 1403 3185 eam

164 3222 414 3289 existimandum
431 3222 502 3306 erit,
516 3220 597 3287 duas
610 3220 718 3287 adesse
731 3221 902 3287 sententias
915 3221 1102 3305 conformes,
1117 3244 1137 3286 a
1151 3223 1269 3311 quibus
1284 3245 1405 3288 necesse

165 3328 230 3393 non
245 3327 290 3392 sit
302 3327 474 3414 appellare.

210 3432 227 3509 ἓ
240 3434 295 3497 45.
318 3429 437 3512 Quoad
450 3431 656 3497 matrimonia
670 3431 706 3495 in
721 3429 909 3496 infidelitate
923 3439 1092 3514 contracta,
1107 3431 1136 3496 si
1157 3432 1235 3497 haec
1249 3432 1405 3498 dissoluta

165 3535 313 3602 dicantur
326 3557 384 3622 per
397 3535 586 3600 sententiam
600 3534 719 3599 editam
733 3534 788 3601 vel
805 3532 847 3599 ab
864 3536 1052 3601 auctoritate
1070 3535 1172 3620 civili,
1186 3535 1240 3602 vel
1254 3558 1275 3601 a
1288 3537 1404 3622 quovis

165 3639 321 3705 tribunali
340 3639 507 3723 haeretico,
521 3637 631 3705 eadem
649 3645 746 3703 erunt
763 3639 920 3704 servanda
933 3660 1015 3725 quae
1033 3638 1214 3706 dictasunt
1232 3639 1274 3704 de
1292 3641 1404 3705 matri-

165 3743 282 3809 moniis
304 3743 539 3830 baptizatorum
563 3741 712 3808 resolutis
734 3764 792 3828 per
814 3743 1003 3807 sententiam
1028 3743 1201 3808 tribunalis
1224 3744 1403 3828 saecularis,

165 3868 279 3935 nempe
292 3869 435 3913 caussam
456 3845 688 3912 admittendam
710 3868 777 3911 non
797 3867 873 3930 esse,
888 3844 916 3910 si
930 3846 1073 3913 rescissio
1091 3847 1286 3933 proclamata
1307 3847 1404 3914 fuerit
1493 3859 1498 3870 ‘

165 3973 205 4016 ex
234 3950 332 4016 titulo
360 3949 402 4016 ab
427 3949 570 4016 Ecclesia
598 3971 664 4014 non
692 3949 812 4037 agnito,
838 3948 893 4016 vel
917 3949 1052 4015 servatis
1080 3952 1245 4018 servandis
1272 3974 1339 4018 esse
1362 3975 1404 4018 ex

165 4055 291 4142 integro
313 4054 554 4138 mathaeum,
577 4054 606 4119 si
629 4053 824 4119 contrarium
849 4053 1025 4141 contigerit.
1070 4053 1106 4125 Si
1130 4077 1208 4121 vero
1230 4057 1403 4143 coniugum

165 4157 323 4246 separatio
335 4157 484 4224 acciderit
496 4157 617 4245 absque
629 4156 700 4223 ullo
713 4156 842 4240 iudicio,
858 4155 1093 4224 observandum
1111 4168 1221 4224 utrum
1236 4182 1309 4247 pars
1323 4182 1405 4247 quae

165 4283 272 4328 coram
301 4260 456 4328 tribunali
483 4260 641 4327 catholico
665 4283 759 4349 agere
784 4259 936 4344 intendit,
960 4260 1135 4326 secundum
1164 4244 1404 4329 matrimonium

165 4365 362 4432 contraxerit
381 4373 455 4452 post
477 4364 630 4452 baptismi
650 4363 892 4452 susceptionem,
913 4386 957 4429 an
977 4374 1061 4432 ante.
1106 4365 1141 4431 Si
1163 4366 1405 4433 matrimonium

165 4468 315 4535 acciderit
349 4491 424 4535 cum
451 4478 543 4556 parte
576 4468 734 4534 catholica
767 4477 842 4556 post
882 4467 1033 4555 baptismi
1074 4471 1315 4557 susceptionem,
1344 4472 1405 4537 erit

165 4572 406 4660 inquirendum,
429 4582 540 4638 utrum
565 4571 767 4659 praecesserit
791 4571 937 4659 coniugis
962 4571 1069 4638 adhuc
1093 4572 1231 4640 infidelis
1256 4575 1407 4641 canonica
