3142 5242
437 466 492 511 nr
521 467 671 513 causrs
700 468 1130 515 rrararnouranrnus
1338 451 1402 515 263

166 634 204 688 ut
223 631 386 689 aecusator
407 645 477 687 eam
499 632 620 709 repetat
645 647 750 688 eoram
776 623 941 706 tribunali,
965 633 997 689 et
1017 648 1036 689 a
1058 622 1244 688 cancellario
1268 625 1302 688 in
1325 623 1403 688 actis

165 726 338 812 redigatur.

212 832 228 908 5
252 833 283 896 5.
314 829 357 895 In
371 854 418 914 ea,
433 841 558 918 praeter
578 842 756 898 accuratam
771 833 848 899 faeti
862 833 1103 919 expositionem,
1118 831 1295 897 enarranda
1308 841 1403 897 erunt

166 935 275 999 omnia
294 933 445 1000 adiuncta
465 937 646 1019 necessaria,
661 944 694 1002 et
712 937 822 1002 omnia
842 935 962 1002 indicia
982 937 1218 1019 concurrentia3
1240 934 1403 1001 indicandi
1520 999 1522 1004 ,

165 1046 198 1103 et
218 1038 408 1103 nominandi
428 1048 522 1105 testes
535 1038 576 1105 de
591 1062 625 1104 re
639 1040 797 1123 instructi,
812 1049 851 1105 ut
864 1041 926 1106 hoc
940 1041 1037 1106 modo
1051 1041 1261 1106 fundamenta
1277 1062 1403 1106 aecusa-

164 1142 263 1207 tionis
276 1152 514 1228 cognoscantur,
529 1152 561 1208 et
575 1144 631 1210 via
644 1144 799 1209 tribunali
813 1153 973 1210 sternatur
983 1145 1112 1211 veritati
1125 1143 1329 1231 detegendae.

212 1246 228 1323 ἓ
252 1249 282 1311 6.
312 1247 522 1312 Accusatione
542 1249 589 1313 sic
609 1257 743 1334 recepta,
765 1270 885 1313 munus
906 1248 1114 1314 moderatoris
1134 1259 1277 1314 actorum
1307 1248 1404 1334 Epis·

165 1373 264 1436 oopus
278 1349 331 1415 vel
347 1350 414 1437 ipse
428 1351 490 1415 sibi
503 1361 651 1436 assumet,
666 1351 720 1418 vel
738 1375 833 1417 suum
847 1352 1005 1418 vicarium
1026 1351 1217 1439 generalem,
1231 1353 1404 1417 eutalium

166 1454 303 1541 probum
325 1463 358 1518 et
378 1450 546 1541 expertum
567 1457 677 1521 virum
707 1478 726 1522 e
753 1456 837 1522 clero
859 1456 901 1522 ad
923 1455 1004 1521 illud
1034 1456 1203 1542 delegabit.
1248 1455 1405 1521 Similiter

165 1557 266 1622 alium
280 1557 391 1624 virum
412 1556 601 1645 designabit,
617 1560 675 1647 qui
696 1559 876 1625 cancellarii
898 1558 1001 1625 officio
1024 1559 1162 1647 fungens
1182 1558 1341 1646 quidquid
1362 1559 1404 1625 ad

165 1684 307 1727 cerussam
344 1663 483 1748 pertinet
515 1663 549 1728 in
585 1672 655 1729 acta
687 1664 812 1746 referat,
842 1687 879 1729 ac
915 1664 1106 1728 nominatim
1143 1663 1404 1750 interrogationes

165 1765 388 1832 examinandis
412 1749 581 1849 faciendas,
604 1790 777 1854 eorumque
800 1768 1019 1854 responsiones
1043 1768 1162 1853 scripto
1187 1768 1359 1854 consignet.

560 1941 610 2006 De
624 1942 774 2006 tabanctt
788 1943 1003 2008 ematituatdo.

212 2096 228 2173 ἓ
253 2097 283 2162 7.
314 2097 480 2162 Praeterea
501 2096 570 2182 ipse
591 2095 784 2161 Ordinarius
813 2097 945 2162 omnino
973 2106 1098 2161 tenetur
1123 2096 1276 2182 deputare
1304 2097 1404 2163 alium

165 2200 277 2266 virum
298 2200 541 2266 ecclesiasticum
564 2201 644 2264 iuris
666 2200 797 2265 scientia
810 2210 843 2265 et
856 2201 944 2266 vitae
960 2201 1119 2287 probitate
1139 2200 1331 2287 praeditum,
1346 2201 1404 2288 qui

166 2305 365 2369 matrimonii
386 2304 533 2370 defensor
554 2305 678 2370 existat.
724 2303 812 2368 Eum
826 2327 904 2369 vero
918 2302 1109 2389 suspendere
1121 2303 1175 2369 vel
1190 2326 1362 2388 removere,
1377 2304 1405 2368 si

167 2408 251 2473 iusta
271 2431 381 2473 mussa
399 2407 550 2491 adfuerit,
572 2417 604 2472 et
625 2408 727 2472 alium
748 2407 940 2472 substituere
961 2407 1002 2471 iis
1023 2407 1232 2493 qualitatibus
1255 2417 1404 2473 ornatum

166 2510 342 2577 Ordinatio
356 2535 480 2598 semper
494 2512 544 2577 fas
558 2512 628 2578 crit.

211 2617 227 2694 §
251 2620 282 2682 8.
310 2616 495 2681 Praedictae
508 2604 729 2702 deputationes
750 2624 783 2682 et
804 2615 1017 2702 delegationes
1039 2616 1073 2680 in
1096 2617 1222 2702 scriptis
1242 2615 1285 2682 ab
1305 2614 1405 2681 Ordi-

166 2721 257 2785 nario
272 2721 360 2805 fiant,
375 2728 407 2785 et
421 2743 531 2785 earum
548 2719 730 2785 authentica
743 2719 933 2785 documenta
947 2707 1002 2785 vel
1016 2720 1128 2784 saltem
1143 2721 1264 2784 mentio
1278 2720 1313 2784 in
1327 2720 1405 2786 actis

169 2833 324 2911 prostent.

210 2929 226 3005 5
249 2931 278 2994 9.
302 2928 516 2995 Moderatoris
530 2938 674 2994 actonrm
693 2929 754 2994 erit
773 2927 916 2994 tribunal
935 2951 1118 3011 convocare,
1137 2938 1242 3015 partes
1261 2938 1293 2993 et
1311 2937 1405 2994 testes

166 3034 263 3098 citare
288 3041 325 3098 ut
354 3033 388 3098 in
418 3032 573 3097 iudicium
603 3040 806 3118 compareant
818 3058 827 3115 3
855 3033 1009 3098 terminos
1033 3032 1198 3097 dilationis
1226 3033 1404 3116 concedere,

166 3137 290 3224 quoties
304 3137 536 3203 rationabiliter
549 3138 590 3203 ab
606 3137 646 3201 iis
660 3137 721 3224 qui·
739 3137 790 3201 ius
805 3136 925 3202 habent
937 3145 1107 3223 petantur,
1129 3136 1221 3201 edere
1235 3136 1360 3202 decreta
1373 3146 1405 3202 et

166 3242 381 3307 ordinationes
394 3265 454 3328 pro
468 3241 609 3327 regulari
622 3250 655 3305 et
669 3248 753 3306 reeta
762 3250 905 3306 aetorum
920 3240 1152 3326 compilatione.
1190 3242 1284 3321 Quae
1297 3241 1405 3305 omnia

165 3346 284 3433 scripto
299 3354 395 3410 erunt
408 3345 578 3429 exaranda,
593 3344 673 3410 etin
688 3345 767 3410 actis
781 3345 860 3430 ipsis
873 3344 1071 3410 recensenda.

210 3451 227 3527 §
256 3453 307 3516 10.
345 3447 503 3526 Defensor
531 3449 731 3513 matrimonii
759 3458 931 3535 antequam
960 3471 1079 3513 munus
1108 3449 1170 3513 sibi
1199 3449 1404 3514 commissum

166 3554 327 3641 strscipiat,
353 3577 459 3619 coram
484 3562 628 3618 actorum
649 3552 846 3617 moderatore
867 3552 1083 3617 iuramentum
1108 3553 1291 3639 praestabit,
1312 3554 1405 3618 tactis

166 3659 283 3724 sanetis
308 3657 507 3745 Evangeliis,
530 3655 571 3722 de
596 3679 727 3722 munere
755 3680 815 3721 suo
839 3656 1011 3743 diligenter
1036 3666 1068 3721 et
1093 3657 1277 3743 incorrupte
1301 3657 1405 3721 adim·

166 3761 294 3850 plendo,
319 3762 479 3848 spondens
507 3784 541 3826 se
569 3760 677 3826 omnia
701 3783 779 3826 voce
807 3768 841 3825 et
867 3760 986 3846 scripto
1015 3758 1228 3824 deducturum
1253 3782 1336 3847 quae
1363 3759 1405 3825 ad

166 3866 367 3933 validitatem
404 3864 603 3931 matrimonii
638 3863 857 3929 sustinendam
892 3863 1035 3929 conferre
1071 3863 1270 3929 iudicaverit.
1337 3864 1406 3929 Hic

167 3969 365 4036 matrimonii
387 3967 534 4034 defensor
555 3992 576 4035 a
599 3968 797 4033 moderatore
820 3977 966 4033 actorum
991 3967 1139 4033 citandus
1160 3968 1221 4033 erit
1243 3968 1286 4033 ad
1309 3991 1405 4055 quae-

166 4073 247 4140 libet
266 4083 345 4157 acta,
368 4074 512 4141 novitio
536 4072 699 4138 nullitatis
719 4072 906 4155 concidant3
936 4070 1039 4137 eidem
1061 4094 1186 4158 semper
1207 4083 1240 4137 et
1261 4071 1405 4159 quando-

167 4201 304 4265 cumque
321 4186 392 4243 acta
410 4201 582 4265 processus,
598 4176 657 4242 etsi
671 4175 816 4241 nondum
829 4175 1001 4263 publicata,
1017 4184 1112 4241 erunt
1132 4175 1404 4260 communicanda,

167 4304 290 4368 semper
304 4291 337 4346 et
350 4281 614 4369 quandocumque
635 4281 703 4345 eius
717 4281 835 4366 scripta
848 4278 1038 4366 recipienda,
1052 4292 1149 4367 atque
1166 4280 1243 4344 novi
1264 4279 1404 4362 termini,

167 4408 204 4451 eo
218 4385 393 4472 flagitante,
407 4385 612 4473 prorogandi,
628 4392 665 4449 ut
679 4407 715 4449 ea
728 4385 847 4471 scripta
860 4385 1003 4470 perficiat
1016 4393 1114 4471 atque
1128 4384 1287 4449 exhibeat.

213 4490 229 4567 ἓ
254 4491 306 4555 11.
336 4487 437 4568 Quod
458 4488 485 4554 si
507 4489 549 4554 ob
570 4489 745 4576 peculiares
766 4489 1019 4553 circumstantias
1040 4488 1238 4552 matrimonii
1259 4486 1406 4552 defensor

167 4592 305 4680 singulis
325 4593 404 4658 actis
424 4593 573 4657 interesse
594 4591 786 4680 nequiverit,
800 4590 945 4657 absoluto
964 4613 1110 4679 processu
1125 4591 1235 4656 eadem
1258 4591 1319 4677 ipsi
1341 4600 1406 4656 tra·
