3142 5242
163 452 234 517 lviii
309 467 550 516 coactarum
580 466 844 513 sanaturum
874 467 1212 515 aaurruoannsn
1241 469 1312 515 111.

162 625 277 691 “Ecce
291 647 389 713 quam
403 624 525 689 bonum
540 631 571 688 et
588 645 686 710 quam
703 622 885 708 jucundum
908 622 1052 688 habitare
1074 623 1187 690 fratres
1208 626 1243 689 in
1265 623 1401 691 unum.”

161 728 265 795 Modo
275 728 504 815 separabimur,
519 727 615 792 multi
629 726 760 813 quidem
775 726 810 790 in
825 725 883 791 tali
897 735 989 792 coetu
1003 728 1167 794 conciliari
1181 752 1246 793 non
1261 729 1402 816 amplius

160 831 361 899 conventuri.
406 832 455 897 At
469 831 503 895 in
519 853 576 917 spe
596 829 683 897 vitae
703 829 833 895 futurae
853 838 886 895 et
907 829 1158 897 immortalitatis
1179 841 1306 898 nostrae
1325 855 1402 897 oon·

161 936 290 1001 fidimus
311 936 447 1022 speeiem
468 944 500 1000 et
525 933 772 1021 amplitudinem
792 943 826 999 et
846 933 1049 1021 splendorem
1070 934 1218 1000 hodierni
1239 959 1402 1002 consessus

161 1040 334 1127 imaginem
361 1062 428 1104 esse
455 1037 599 1104 coelestis
626 1037 719 1103 illius
742 1038 871 1103 concilii
897 1038 933 1103 in
956 1061 1022 1125 quo
1044 1047 1078 1104 et
1100 1062 1122 1103 n
1186 1038 1402 1127 congregandi

160 1143 288 1227 erimus,
303 1144 344 1209 de
365 1167 432 1231 quo
453 1142 486 1209 S.
502 1142 644 1209 Joannes
664 1143 730 1208 ait:
753 1141 868 1208 “Post
892 1142 970 1208 haec
990 1142 1062 1209 vidi
1084 1062 1214 1208 tuibam
1240 1166 1400 1231 magnam,

160 1271 258 1335 quam
273 1248 477 1312 dinumerare
490 1269 586 1312 nemo
599 1256 735 1334 poterat,
749 1269 791 1311 ex
804 1246 953 1312 omnibus
974 1246 1124 1334 gentibus
1143 1256 1177 1312 et
1198 1247 1349 1312 tribubus
1368 1255 1402 1312 et

159 1351 290 1438 populis
303 1361 336 1417 et
356 1351 488 1437 linguis,
501 1359 621 1416 stantes
634 1359 710 1416 ante
722 1349 876 1415 thronum
889 1361 921 1415 et
936 1350 972 1414 in
985 1359 1154 1437 conspectu
1176 1350 1277 1437 Agni,
1291 1351 1400 1416 amicti

160 1455 251 1521 stolis
264 1455 347 1520 albis
361 1465 393 1520 et
407 1455 535 1542 palmae
548 1453 583 1518 in
599 1453 746 1519 manibus
760 1451 904 1519 eorum.''
948 1453 1065 1542 (Apoc.
1080 1472 1147 1521 vn.
1163 1453 1209 1542 9.)

205 1560 341 1626 Cantato
361 1557 437 1624 dein
458 1557 581 1644 hymno
605 1558 646 1622 Te
667 1557 779 1640 Deum,
794 1565 827 1622 et
847 1556 1011 1643 impertita
1031 1557 1250 1625 benedictione
1272 1558 1398 1646 Papali,

161 1686 271 1729 omnes
284 1663 481 1749 processione
493 1660 638 1744 solemni,
654 1668 692 1725 ut
706 1660 740 1724 in
763 1661 869 1746 prima
890 1662 1036 1745 sessione,
1051 1659 1093 1726 ed
1114 1662 1206 1728 aedes
1227 1663 1398 1750 archiepis-

160 1767 285 1853 copales
298 1774 502 1831 recesserunt.

204 1871 315 1958 Atque
343 1869 389 1936 ita
416 1869 599 1935 absolutum
636 1869 701 1933 suit
730 1868 912 1934 Concilium
950 1868 1136 1934 Plenarium
1167 1869 1398 1936 Baltimorense

161 1974 319 2040 Tertium.

204 2317 296 2383 Picta
317 2317 351 2384 S.
374 2316 550 2408 Pontifipis,
573 2316 692 2382 Leonis
714 2315 837 2400 XIII,
859 2313 990 2403 effigies,
1011 2340 1109 2404 quam
1139 2318 1396 2407 archiepiscopis

159 2419 308 2486 Statuam
338 2420 587 2486 Foederatorum
608 2442 694 2485 anno
714 2419 870 2505 superiori
891 2419 1014 2486 Romae
1041 2422 1240 2509 congregatis
1263 2423 1397 2511 benigne

159 2524 343 2608 donaverat,
357 2524 393 2589 in
407 2523 482 2589 aula
502 2523 616 2610 majori
637 2522 807 2590 Seminarii
822 2521 856 2589 S.
871 2521 1006 2607 Mariae,
1022 2524 1078 2589 nbi
1093 2526 1239 2612 privatae
1262 2526 1396 2592 Petrum

159 2629 415 2715 congregationes
436 2627 472 2692 in
492 2627 564 2713 ipso
583 2627 733 2716 imaginis
746 2626 836 2691 illius
849 2637 1017 2713 conspectu
1032 2627 1159 2694 habitae
1172 2639 1275 2714 erant,
1290 2631 1397 2697 relicta

159 2727 207 2798 e'st
226 2731 268 2797 ad
289 2742 474 2819 perpetuam
494 2731 541 2797 rei
563 2731 750 2796 memoriam
771 2730 860 2795 etin
881 2731 1133 2797 testificationem
1154 2734 1239 2820 grati
1262 2733 1396 2801 Petrum

158 2836 258 2901 animi
272 2859 348 2922 erga
360 2835 534 2900 sacerdotes
548 2834 582 2901 S.
597 2834 741 2921 Sulpitii.

203 2941 356 3027 Aequum
377 2939 473 3026 plane
496 2938 628 3006 videtur
651 2937 713 3004 hoc
738 2939 808 3006 loco
833 2939 1015 3005 meminisse
1043 2950 1164 3028 quanta
1188 2941 1397 3028 humanitate,

157 3043 355 3132 benignitate
375 3053 471 3129 atque
491 3042 708 3129 hospitalitate
721 3044 808 3109 cives
822 3043 911 3108 urbis
928 3043 1133 3128 Baltimorae,
1147 3046 1245 3110 etiam
1259 3048 1318 3134 qui
1333 3071 1397 3113 non

157 3156 234 3213 sunt
254 3146 417 3212 domestici
440 3147 525 3230 fidei,
542 3147 653 3212 Patres
674 3139 812 3214 Consilii
834 3146 1038 3234 reliquosque
1058 3149 1237 3235 synodales,
1259 3174 1397 3238 quorum

158 3273 223 3316 non
243 3252 379 3338 exiguus
401 3251 467 3316 fuit
487 3273 648 3334 numerus,
664 3253 822 3337 prosecuti
843 3252 918 3317 sint.
963 3251 1032 3318 Nec
1045 3261 1171 3318 tantum
1186 3254 1251 3320 viri
1266 3256 1397 3342 privati,

157 3377 272 3421 verum
293 3356 391 3420 etiam
412 3355 614 3420 auctoritates
635 3355 747 3420 civiles
767 3355 895 3442 publice
916 3355 1119 3441 synalalium
1140 3367 1267 3425 coetum
1289 3358 1398 3426 diver-

157 3459 279 3525 simode
292 3459 415 3525 honore
433 3459 624 3524 habuerunt.
669 3458 804 3524 Summa
817 3482 944 3546 quoque
959 3459 1140 3526 urbanitate
1154 3461 1200 3526 rei
1215 3462 1399 3530 tabellariae

158 3562 303 3649 publicae
324 3561 500 3648 praefectus
521 3571 590 3628 toto
612 3562 748 3628 Concilii
769 3572 912 3649 tempore
933 3586 1035 3628 unum
1058 3587 1099 3629 ex
1120 3554 1310 3631 officialibus
1331 3568 1399 3632 suis

157 3666 286 3752 speciali
301 3666 504 3752 synodalium
519 3665 593 3731 usui
606 3689 643 3731 ac
657 3667 824 3732 commodo
838 3666 1008 3753 delegavit.

202 3771 330 3849 Quibus
339 3769 487 3834 omnibus
496 3770 669 3856 Delegatus
678 3771 892 3856 apostolicus,
902 3781 1027 3856 peracto
1036 3771 1190 3855 Concilio,
1199 3774 1399 3859 gratissimos

158 3873 361 3960 synodalium
373 3874 496 3938 animos
510 3884 642 3938 testatus
657 3884 712 3940 cst.
