3142 5242
171 423 236 488 210
665 440 910 491 srrsxnrx.

169 596 226 662 clre
239 598 287 685 gli
302 597 470 665 Ordiuarii
483 600 629 666 debbuno
648 599 840 687 astringere
852 600 928 687 quei
946 598 1109 665 Sacerdoti
1123 599 1186 667 dre
1205 601 1401 667 rimanm

168 702 255 788 privi
270 702 323 767 del
338 704 431 769 titolo
445 704 481 769 di
496 704 662 788 Missione,
677 705 872 770 ascstituire
884 728 905 770 a
917 714 1030 792 questo
1042 703 1129 771 altro
1141 705 1251 772 titolo.

213 808 243 872 3.
270 805 313 871 Se
325 830 504 893 approvare
518 807 543 873 il
558 820 705 896 progetto
718 807 771 874 del
786 808 977 874 Consultone
989 807 1025 873 di
1038 807 1221 875 dichiarare
1233 809 1294 875 clre
1307 810 1318 875 i
1333 810 1401 874 Pre-

168 908 225 975 lati
240 911 347 996 prima
359 912 394 977 di
409 912 564 978 conserite
577 912 603 977 il
617 912 711 978 titolo
723 911 760 976 di
774 912 924 977 missione
936 912 969 977 ai
982 912 1147 979 Sacerdoti
1160 914 1303 1001 regelari
1317 913 1401 979 usciti

170 1013 432 1099 legittimamente
444 1015 499 1081 dul
514 1018 645 1103 proprio
658 1015 793 1099 Ordine,
804 1040 939 1103 possano
951 1017 1188 1103 sperimerrtarli
1204 1040 1266 1105 per
1277 1016 1402 1105 (1111111111

168 1129 276 1204 tempo
289 1120 531 1186 ammettendoli
544 1120 585 1186 ad
600 1122 763 1186 oecrcitare
777 1120 802 1185 il
817 1144 905 1186 sacro
919 1122 1086 1187 ministero
1099 1121 1187 1187 nelle
1201 1121 1274 1189 loro
1283 1121 1401 1188 dictaei.

211 1225 243 1289 4.
272 1222 315 1288 Se
333 1223 510 1291 dichiarare
527 1226 586 1312 piu
600 1225 858 1311 esplicitamcnte,
872 1225 931 1291 che
949 1247 995 1290 1111
1013 1224 1184 1291 Sacerdote
1196 1224 1404 1312 passandods

168 1348 233 1393 una
246 1327 361 1392 ‹liorei
376 1351 435 1415 per
453 1328 487 1395 la
498 1328 594 1416 quale
607 1335 713 1416 preste
727 1327 753 1392 il
771 1329 974 1415 giuramento
987 1327 1029 1394 ad
1042 1327 1136 1411 altra,
1150 1328 1260 1395 debba
1273 1340 1404 1416 prestare

168 1431 202 1495 in
214 1442 326 1517 questa
341 1456 385 1497 uu
399 1456 509 1500 nuovo
521 1433 763 1520 giurameuto,e
776 1433 835 1497 che
850 1455 914 1499 uon
929 1456 1022 1519 possa
1035 1433 1085 1497 cio
1099 1431 1168 1497 iure
1180 1455 1279 1499 scum
1292 1433 1405 1499 lioenn

166 1534 253 1600 della
267 1535 300 1601 S.
316 1536 582 1624 Corrgregazioue.

211 1642 243 1705 a.
279 1639 321 1705 Se
339 1640 388 1706 sia
405 1642 578 1706 necesaria
596 1640 630 1707 la
647 1641 768 1707 licenza
786 1639 872 1707 della
892 1641 925 1707 S.
942 1641 1212 1728 Congregazione,
1226 1642 1345 1729 perche
1363 1663 1404 1705 uu

166 1742 334 1809 Sacerdote
355 1743 502 1810 ordinato
526 1768 547 1810 a
570 1745 665 1810 titolo
685 1745 721 1809 di
743 1746 892 1810 missione
911 1768 1005 1811 senza
1025 1745 1085 1810 che
1104 1745 1202 1811 abbia
1222 1758 1365 1832 prestato
1382 1744 1404 1809 il

166 1847 375 1933 giuramcnto,
390 1872 484 1935 possa
504 1847 547 1914 (1(
567 1849 676 1936 quella
697 1873 755 1936 per
776 1848 808 1914 la
828 1849 924 1937 quale
939 1870 1042 1915 venne
1058 1848 1209 1915 ordinato
1224 1848 1405 1936 paesaread

167 1951 250 2016 altra
271 1950 409 2018 diocesi.l

167 2120 293 2188 Euolet
315 2123 399 2189 Ruri.
416 2124 493 2189 Dui.
510 2126 544 2190 S.
560 2125 602 2189 R.
619 2124 660 2189 Ε.
681 2124 777 2190 (11111.
792 2124 825 2190 S.
842 2124 877 2190 0.
898 2125 936 2187 (1(
961 2123 1181 2209 Propuyuada
1206 2124 1290 2189 Fide
1313 2146 1405 2211 prae·

205 2229 506 2311 11111111111111111111(
524 2227 720 2311 yeneralibaa
738 2227 851 2291 habitis
867 2228 918 2290 die
939 2231 961 2291 4
982 2227 1150 2292 Februarii
1172 2230 1261 2295 1873
1283 2251 1405 2315 11111011-

210 2330 344 2393 <luridum
361 2339 560 2396 esmant.-

210 2450 267 2515 Ad
291 2454 320 2516 1.
366 2451 409 2516 Iu
430 2441 515 2535 (asu,
535 2462 634 2539 prout
654 2454 837 2540 exponitur,
858 2453 989 2540 pmevia
1012 2452 1224 2518 declaratione
1249 2450 1405 2518 eiusmodi

166 2552 327 2619 Sacerdoti
348 2555 391 2620 al)
414 2555 574 2643 Episoepo
595 2556 747 2639 iacienda,
765 2567 800 2622 ct
820 2556 976 2643 quamdiu
997 2555 1177 2643 praedictus
1197 2556 1353 2623 Sacerdos
1371 2556 1404 2621 iu

166 2680 225 2722 sua
238 2681 339 2744 prava
353 2659 486 2725 vivendi
504 2660 731 2725 etrnsuetudine
750 2669 938 2747 perseveret,
954 2659 1082 2724 nullum
1096 2660 1254 2726 exhibens
1266 2661 1405 2727 sirioerae

166 2763 399 2848 resipiscmtiae
419 2763 560 2849 siguum,
579 2763 776 2850 Episcopum
798 2787 864 2829 non
885 2764 985 2829 terreri
1006 2763 1048 2828 ad
1069 2765 1334 2831 sustentationem
1355 2763 1404 2828 illi

167 2865 387 2950 praebendam.
432 2866 609 2931 Seiunctim
629 2874 730 2931 orden
743 2891 763 2932 a
777 2867 968 2933 resolutione
986 2867 1160 2932 (lubiorum
1172 2890 1234 2953 pe·
1247 2869 1404 2954 epistolam

166 2970 361 3055 significetur
381 2969 552 3035 Ordinario
571 2970 688 3058 (eidem
704 2971 887 3058 Epismpo),
903 2980 941 3036 ut
959 2971 1001 3036 ad
1019 2971 1138 3036 dictam
1157 2969 1402 3037 declarationem

167 3096 231 3137 nou
252 3072 412 3156 deveniat,
435 3075 497 3138 nisi
519 3084 688 3160 poaquam
711 3077 851 3169 paternis
871 3099 909 3140 ac
929 3075 1071 3161 repetitis
1092 3075 1224 3140 monitis
1246 3074 1401 3141 eiusmodi

166 3176 364 3242 Sacerdotem
379 3177 419 3242 ad
435 3178 683 3266 resipiscendum
697 3180 816 3244 frustra
831 3179 1028 3261 invitaverit,
1043 3191 1139 3266 atque
1153 3178 1194 3244 de
1208 3180 1278 3245 eius
1294 3179 1400 3244 crimi-

200 3329 206 3360 ¹
219 3332 240 3382 1.
265 3329 363 3382 Utrum
375 3340 401 3382 et
412 3330 543 3398 quomodo
554 3330 742 3384 declarandum
754 3332 796 3398 sit,
809 3333 954 3384 sacerdotes
965 3331 1045 3384 titulo
1055 3332 1187 3384 missionis
1197 3332 1342 3395 ordinatos,
1354 3331 1399 3399 qui

164 3430 192 3463 se
207 3413 330 3479 indignos
345 3414 518 3466 reddiderunt
533 3416 601 3466 sacri
618 3415 760 3467 ministerii
775 3416 924 3481 exercendi,
937 3416 987 3467 hoc
1003 3416 1081 3467 titulo
1091 3416 1208 3481 privari;
1226 3433 1313 3483 neque
1324 3415 1400 3469 Ordi-

165 3497 270 3547 narium
280 3498 366 3548 teneri
377 3497 411 3548 ((1
422 3499 637 3550 sustentationem
648 3499 704 3550 illis
715 3498 899 3565 praebendam.
948 3554 952 3561 ,

198 3582 221 3632 2.
247 3580 344 3631 Utrum
359 3579 543 3632 deficientibus
558 3582 621 3633 aliis
637 3582 725 3633 titulis
742 3583 771 3634 iu
788 3583 852 3633 locis
868 3583 1022 3634 missionum
1039 3582 1219 3648 derogandum
1235 3583 1272 3634 sit
1288 3584 1398 3635 articulo

165 3661 231 3729 (11.)
249 3663 434 3715 instructionis
449 3681 502 3731 quo
522 3665 709 3730 praescribitur
728 3665 879 3717 Ordinariis
894 3673 925 3716 ut
941 3665 1086 3717 sacerdotes
1103 3664 1182 3716 titulo
1199 3666 1332 3718 missionis
1346 3666 1398 3734 pri·

163 3756 238 3798 vatos
249 3747 409 3812 compellunt
419 3746 453 3797 ad
465 3747 549 3798 alium
560 3748 586 3798 ei
596 3748 705 3799 titulum
716 3749 934 3802 substituendum.

197 3832 221 3882 3.
244 3829 342 3881 Utrum
351 3829 520 3896 adprobanda
531 3831 567 3882 sit
578 3831 740 3883 (kusultoris
754 3832 905 3899 propositio,
916 3831 1068 3884 declarandi
1083 3831 1191 3897 scilicet,
1204 3850 1280 3899 pooee
1291 3834 1398 3886 Praesu-

164 3913 203 3964 les
213 3920 356 3980 antequam
371 3913 548 3965 sacerdotibus
562 3915 728 3980 regularibus
744 3932 779 3966 ex
795 3915 897 3968 Ordine
911 3917 1019 3983 proprio
1034 3915 1154 3982 legitime
1168 3917 1279 3982 egressis
1289 3918 1396 3969 titulum

163 3996 296 4047 missionis
317 3997 460 4062 conterant,
477 3997 581 4050 eosdem
603 4016 651 4064 per
672 3999 781 4066 aliquod
802 4006 912 4065 tempus,
932 3999 1109 4066 experimenti
1127 4000 1221 4066 gratia,
1242 3999 1276 4050 ad
1296 4018 1396 4052 sacrum

163 4079 341 4131 ministerium
353 4080 383 4131 in
393 4097 440 4130 suu
450 4079 562 4132 dioecesi
574 4082 750 4134 exercendum
761 4081 909 4135 admittere.
979 4117 981 4121 .

196 4163 221 4214 4.
239 4162 337 4214 Utrum
348 4163 508 4229 explicatius
518 4162 704 4217 declarandum
716 4166 758 4230 sit,
768 4165 928 4217 sacerdotem
940 4184 956 4217 a
964 4166 1075 4218 dioecesi
1087 4167 1130 4217 cui
1138 4166 1292 4232 juramento
1301 4167 1397 4233 ligatur

162 4244 197 4296 ((1
207 4245 288 4296 aliam
301 4253 480 4296 transeuntem
491 4245 586 4298 debere
598 4247 626 4298 in
640 4249 690 4299 huc
700 4249 785 4299 altera
796 4266 894 4300 novum
905 4250 1087 4315 juramentum
1097 4250 1234 4315 emittere;
1251 4268 1338 4317 neque
1349 4251 1396 4301 lrcc

161 4329 246 4380 iacere
258 4345 332 4395 posse
343 4329 440 4394 absque
452 4329 530 4380 venia
541 4330 566 4380 S.
580 4330 802 4397 congregationis.

195 4413 219 4463 5.
237 4411 335 4463 Utrum
346 4411 493 4463 necessario
503 4412 653 4478 requiratur
664 4413 742 4464 venia
753 4415 779 4466 S.
791 4414 1006 4481 Congregationis
1016 4423 1046 4466 ut
1057 4414 1194 4466 ordinatus
1204 4415 1285 4467 titulo
1296 4415 1396 4467 missio-

162 4494 203 4544 nis
214 4494 279 4560 quin
291 4495 454 4561 praestiterit
466 4494 655 4562 juramentum,
666 4497 748 4563 possit
764 4515 780 4548 a
796 4497 910 4550 dioecesi
920 4516 969 4565 pro
980 4516 1033 4566 qua
1049 4497 1186 4550 ordinatus
1197 4499 1257 4564 suit,
1270 4499 1305 4550 ad
1315 4500 1396 4550 (1111111

161 4577 281 4629 transire.
