3142 5242
166 452 228 515 228
659 469 904 518 Arrssnrx.

163 635 317 712 potestate
339 625 374 690 in
397 626 519 692 bouum
544 650 712 693 commune
737 627 931 714 praecipitur
955 636 1040 691 certo
1061 624 1257 692 destituatur
1282 626 1401 694 effectu.

164 728 255 794 Haec
276 730 381 795 Nobis
401 731 673 796 considerantibus
692 732 757 798 visi
777 742 855 796 sunt
875 731 1049 819 prudenter
1061 740 1095 796 et
1107 740 1294 817 opportune
1307 733 1403 819 egisse

164 833 275 898 Patres
289 833 427 900 Concilii
439 834 654 900 Provincialis
664 834 1011 901 westmonasteriensis
1026 854 1066 918 11,
1080 857 1155 899 cum
1170 836 1294 921 partim
1309 837 1403 901 inter·

163 947 322 1024 pretautes
342 939 430 1026 piam
452 947 485 1003 et
504 962 639 1026 aequam
660 938 852 1004 donantium
874 938 1085 1022 voluntatem,
1106 940 1229 1026 partim
1254 962 1303 1023 cra,
1325 962 1403 1028 quae

164 1041 332 1129 Episcopis
362 1044 451 1125 inest,
482 1054 605 1108 utentes
634 1052 787 1130 potestate
815 1042 993 1129 imperandi
1030 1044 1182 1131 pecuniae
1219 1043 1403 1109 collationes

163 1145 414 1233 decernendique
435 1170 500 1233 quo
522 1156 664 1233 tempore
685 1157 718 1212 et
738 1170 803 1235 qua
816 1147 857 1212 de
870 1170 965 1213 cerusa
978 1146 1116 1212 conferri
1130 1158 1289 1234 oporteat,
1304 1159 1402 1213 statu-

163 1260 259 1316 erunt
287 1252 322 1315 in
351 1252 454 1337 eapite
475 1252 513 1315 de
541 1251 630 1316 bonis
650 1252 864 1335 ecclesiasticis,
886 1251 966 1339 quid
995 1250 1188 1317 censendum
1213 1253 1259 1317 sit
1283 1252 1401 1317 intuitu

164 1355 324 1420 missionis
349 1355 513 1421 collatum.
558 1354 655 1420 Iubet
677 1356 777 1442 igitur
798 1356 890 1439 ratio,
912 1356 1053 1442 itemque
1074 1355 1144 1421 Nos
1165 1356 1401 1437 constituimus,

163 1459 222 1523 hac
236 1459 270 1524 in
286 1459 499 1546 rereligiosas
512 1458 554 1524 ad
577 1458 661 1545 legoe
675 1459 1023 1526 westmonasteriensis
1045 1459 1170 1544 Synodi
1191 1483 1260 1526 sese
1281 1460 1401 1526 affatim

163 1565 366 1629 accomodare
379 1573 533 1650 oportere.

207 1668 350 1733 Sublatis
370 1670 595 1734 controversiis
624 1668 799 1756 cognitioni
829 1669 967 1735 Nostrae
995 1669 1178 1756 propositis,
1200 1669 1400 1752 confidimus,

162 1796 272 1838 curam
293 1795 314 1837 a
336 1770 440 1836 Nobis
462 1772 495 1836 in
518 1772 559 1837 iis
580 1773 807 1859 componendis
835 1772 1013 1838 adhibitam
1035 1795 1072 1838 co
1094 1773 1283 1855 valituram,
1304 1784 1342 1839 ut
1362 1772 1401 1839 ad

162 1875 429 1964 tranquillitatem
450 1887 483 1941 et
504 1877 735 1941 incrementum
756 1877 803 1941 rei
824 1875 997 1941 catholicae
1012 1877 1045 1939 in
1060 1876 1184 1963 Anglia
1201 1900 1269 1942 non
1292 1878 1402 1943 leviter

163 1981 311 2047 conferat.
334 2059 340 2071 Ι
358 1980 520 2068 Equidem
550 1980 831 2067 pronunciationes
859 1980 995 2046 Nostras
1015 1980 1057 2046 ad
1078 1981 1158 2045 iuris
1180 1990 1213 2046 et
1233 1982 1402 2069 aequitatis

163 2085 308 2171 regulam
328 2078 470 2149 'studiose
491 2084 701 2171 religioseque
727 2085 901 2171 exegimus,
917 2107 975 2149 nso
994 2083 1181 2150 dubitamus
1202 2086 1287 2173 quin
1308 2087 1343 2151 iu
1364 2085 1402 2150 iis

162 2189 355 2276 exequendis
377 2211 436 2275 par
456 2187 625 2274 diligentia
645 2197 678 2253 ct
700 2187 814 2275 religio
834 2181 952 2254 eniteat
972 2187 1105 2254 illorum
1122 2189 1207 2253 inter
1221 2212 1306 2275 quos
1319 2190 1402 2256 iudi-

162 2294 247 2358 cium
270 2292 473 2379 protulimus.
518 2291 571 2357 Sic
584 2291 669 2356 euim
686 2293 749 2375 fiet,
764 2302 803 2358 ut
816 2292 1050 2379 Episcoporum
1071 2291 1171 2357 ductu
1185 2303 1218 2359 et
1232 2294 1402 2379 prudentia

162 2396 304 2483 religiosi
325 2395 449 2461 sodales
469 2395 511 2460 dc
532 2394 681 2482 Anglicis
702 2396 908 2461 missionibus
927 2396 1074 2483 apprime
1095 2396 1203 2461 meriti
1224 2407 1356 2463 strenue
1370 2407 1401 2462 et

162 2501 308 2566 alacriter
328 2522 347 2564 c
368 2499 531 2564 laboribus
551 2500 619 2563 suis
640 2498 765 2564 fruetus
784 2498 898 2564 salutis
926 2498 1009 2563 terre
1036 2508 1173 2587 pergant
1202 2499 1399 2583 laetissimos,

162 2614 258 2690 atque
268 2604 396 2690 utrique
408 2602 458 2690 (ut
469 2626 547 2668 vocc
561 2614 693 2667 utamur
706 2603 856 2689 Gregorii
871 2603 986 2690 Magni
1000 2601 1042 2667 ad
1053 2603 1197 2690 Angliae
1212 2604 1400 2692 Episcopus)

162 2708 314 2772 corrrrurrni
336 2758 344 2774 .
369 2757 378 2773 .
402 2757 409 2773 .
433 2708 569 2789 censitio,
584 2706 786 2792 concordique
806 2707 925 2770 actione
945 2713 1110 2792 quaesunt
1125 2730 1190 2793 pro
1210 2708 1333 2773 Christi
1344 2709 1399 2771 zelo

162 2813 285 2895 agenda
314 2813 482 2897 disponunt
505 2811 702 2892 arisairaiter,
727 2818 805 2874 recta
831 2811 972 2894 sentiunt,
998 2817 1026 2874 et
1050 2834 1130 2896 qaue
1156 2814 1315 2895 suaserint,
1340 2835 1399 2877 rma

161 2917 278 2979 sibimet
298 2916 503 3000 discrepando
527 2913 712 3000 perficiunt.l
758 2914 969 2979 Concordiam
994 2914 1077 2979 hanc
1102 2916 1247 3001 postulat
1270 2930 1399 3003 paterna

162 3021 276 3085 caritas
298 3019 533 3104 Episcoporum
555 3018 591 3082 iu
612 3018 772 3083 adiutores
792 3041 867 3083 suos
887 3027 920 3083 et
942 3031 1053 3084 mutua
1071 3019 1159 3084 Cleri
1175 3020 1209 3083 iu
1226 3019 1398 3106 Episeopos

163 3124 365 3189 observantia
373 3148 383 3204 3
406 3122 490 3187 hano
503 3121 703 3187 concordiam
718 3122 842 3207 flagitat
856 3122 930 3186 finis
943 3123 1123 3186 communis
1137 3124 1195 3208 qui
1209 3124 1292 3188 situs
1306 3124 1397 3188 estin

162 3228 264 3291 salute
284 3227 464 3290 animarum
485 3225 604 3290 iunctis
617 3225 734 3290 studiis
747 3249 785 3290 ao
799 3225 923 3290 viribus
936 3225 1135 3311 quaerenda5
1158 3226 1242 3291 hanc
1258 3227 1396 3292 eamdem

162 3332 265 3417 exigit
292 3330 459 3394 necessitas
487 3330 529 3394 iis
556 3329 723 3394 resistendi
747 3329 805 3415 qui
833 3328 988 3393 catholieo
1016 3330 1140 3394 nomini
1171 3330 1290 3395 intensi
1316 3341 1396 3396 sunt„

163 3434 254 3499 Haec
268 3435 354 3500 vires
368 3434 473 3520 giguit
487 3444 520 3498 ct
534 3433 678 3497 infirmos
692 3455 820 3519 quoquc
837 3455 927 3519 pares
941 3430 1039 3496 efficit
1051 3432 1094 3497 ad
1107 3433 1244 3519 grandia
1258 3456 1396 3522 quaeque

163 3537 300 3626 gerenda
308 3564 317 3620 ;
346 3538 424 3601 haee
444 3537 574 3622 signum
596 3546 644 3600 est
665 3536 752 3622 quod
781 3537 918 3601 sinceros
947 3536 1069 3601 Christi
1094 3535 1271 3623 discipulos
1296 3539 1337 3603 ab
1361 3538 1397 3601 iis

162 3643 364 3707 disterminat
378 3642 433 3727 qui
449 3664 482 3705 sc
496 3642 574 3704 tales
588 3663 655 3705 esse
669 3640 879 3705 mentiuntur.
923 3639 980 3704 Ad
994 3640 1076 3704 hunc
1089 3641 1191 3727 igitur
1212 3642 1356 3728 singulos
1369 3649 1396 3706 et

163 3747 329 3812 universos
358 3747 451 3809 enixe
479 3745 683 3809 cohortamur
708 3744 743 3809 in
770 3743 922 3825 Domino,
949 3754 1096 3830 rogantes
1125 3768 1200 3810 cum
1231 3745 1336 3811 Paulo
1364 3756 1396 3810 ut

163 3850 318 3936 impleant
345 3850 502 3935 gaudium
532 3849 699 3931 Nostrum,
730 3856 768 3912 ut
796 3846 882 3911 illem
910 3848 1036 3933 sapiant
1064 3849 1208 3912 eamdem
1239 3850 1394 3914 caritatem

162 3954 322 4036 habentes,
338 3954 513 4035 unanimes,
530 3951 671 4037 idipsum
686 3950 877 4016 sentientes.²

206 4058 347 4122 Demum
363 4066 399 4120 ut
414 4057 547 4120 firmiter
561 4079 599 4120 ea
613 4057 787 4120 consistant
799 4078 880 4141 quae
893 4056 1126 4139 constituimus,
1138 4057 1292 4122 volumus
1307 4069 1395 4144 atquc

161 4161 369 4242 deceruimus,
385 4170 562 4245 praesentes
577 4160 717 4223 Litteras
731 4168 763 4223 et
782 4158 817 4222 in
836 4159 881 4223 eis
900 4170 1048 4225 contenta
1061 4183 1290 4247 quaecumque,
1306 4163 1394 4225 etiarn

162 4290 203 4330 ex
217 4289 254 4330 co
269 4263 357 4352 quod
377 4263 529 4350 praedicti
543 4263 684 4349 religiosi
699 4263 822 4327 sodales
836 4272 868 4328 ct
882 4262 938 4327 alii
952 4264 1147 4350 quicumque
1167 4264 1201 4327 in
1221 4265 1394 4350 praemissis

161 4371 310 4434 interesse
332 4367 483 4432 habentes
504 4367 646 4431 cuiusvis
667 4377 776 4449 status,
796 4366 927 4452 graduS,
945 4365 1068 4431 ordinis
1088 4376 1121 4431 ct
1142 4366 1312 4454 dignitatis
1332 4366 1394 4431 cxi·

196 4522 294 4588 ¹Apud
307 4523 405 4573 Bedaru
417 4520 513 4572 Histoe.
525 4520 601 4587 Anyt
614 4519 652 4572 ΙΙ.
664 4522 705 4572 29.

195 4604 315 4672 ’Philip
327 4620 366 4670 11.,
381 4608 403 4656 2.
