3142 5242
221 463 245 508 n
273 461 720 509 concancarmxmus
751 464 1236 532 emmeramensem.
1285 446 1367 510 lxvii

127 617 214 703 deet,
229 619 369 706 Anglica
389 617 570 706 Scripturae
591 619 704 686 Sacrae
723 620 838 687 versio.
883 620 976 688 Utile
997 620 1065 686 fore
1080 620 1249 707 judicavit,
1269 629 1307 685 ut
1327 618 1368 685 ad

130 722 308 810 Episcopos
336 724 483 789 omnium
511 725 691 811 regionum,
712 724 769 789 ubi
794 724 934 811 Anglioe
963 725 1152 812 loquuntur,
1178 724 1239 790 bac
1266 724 1307 790 de
1335 747 1370 790 re

128 827 297 894 scribatur.
348 827 552 914 Responsum
573 836 622 894 est
642 828 682 912 ei,
703 827 765 893 hoc
793 828 829 893 in
858 828 1004 895 Concilio
1034 828 1185 894 Plenario
1214 828 1370 915 superiori

128 932 330 1018 propositum
341 931 447 1016 fnisse,
458 932 580 1020 diuque
593 931 635 997 de
648 933 804 1020 ejusmodi
819 933 965 1001 versione
978 932 1167 998 deliberasse
1181 932 1304 1016 Patres,
1314 932 1370 997 sed

130 1035 213 1100 nihil
225 1035 372 1101 effectum
383 1036 492 1102 fuisse.
530 1036 648 1102 Noluit
657 1035 740 1102 alius
751 1036 931 1124 Episcopus
942 1037 1003 1101 hac
1012 1035 1053 1101 de
1063 1059 1098 1102 re
1106 1037 1241 1102 ulterius
1250 1035 1370 1102 delibe-

129 1139 268 1207 randum
279 1165 288 1222 ;
314 1142 404 1227 cnjus
422 1141 580 1206 sententia
599 1162 666 1206 non
685 1141 795 1227 paucis
816 1141 947 1227 placuit.
993 1141 1121 1226 Rejecta
1139 1149 1248 1233 tamen
1268 1139 1333 1224 snit
1349 1162 1370 1205 a

131 1243 292 1328 Patribus,
313 1245 474 1331 ajentibus
494 1243 613 1331 viginti
638 1253 671 1309 et
696 1254 776 1328 octo,
799 1244 989 1331 negantibus
1015 1254 1086 1310 octo
1107 1267 1205 1332 supra
1224 1244 1367 1330 triginta

129 1348 323 1413 laudarunt
348 1347 458 1435 plures
479 1350 659 1415 versionem
688 1347 800 1416 Rdmi.
830 1347 989 1432 Kenrick,
1019 1347 1261 1435 Archiepiscopi
1290 1347 1368 1414 olim

129 1451 383 1536 Baltimorensis,
392 1453 577 1539 praesertim
591 1452 634 1518 ob
644 1453 876 1536 annotationes,
887 1453 1000 1519 breves
1009 1453 1140 1540 quidem
1155 1451 1210 1517 sed
1224 1450 1370 1517 doctrina

94 1606 108 1625 -,
128 1564 161 1621 et
181 1557 300 1644 pIetate
320 1557 461 1623 refertas.
507 1556 708 1623 Censuernnt
728 1557 835 1623 denuo
856 1557 1114 1644 imprimendam,
1135 1556 1240 1622 forma
1260 1565 1368 1622 tamen

128 1661 277 1726 omnium
302 1660 376 1725 usui
401 1661 504 1748 magis
529 1661 775 1728 accommodata.
820 1661 957 1727 Notavit
978 1659 1116 1726 Rdmus.
1139 1660 1173 1727 S.
1197 1660 1367 1742 Ludovici,

129 1765 309 1831 versionem
332 1765 443 1831 Rdmi.
465 1763 614 1830 Kenrick
635 1787 701 1829 non
726 1788 793 1831 esse
813 1766 992 1832 versionem
1014 1765 1143 1852 proprie
1163 1763 1292 1847 dictam,
1314 1763 1368 1830 sed

130 1892 248 1935 novam
263 1867 371 1956 potins
381 1869 551 1959 Dnaoenae
560 1868 716 1934 versionis
726 1869 949 1936 recensionem.
995 1868 1129 1935 Censuit
1138 1868 1221 1934 alius
1232 1867 1368 1933 Petrum

129 1973 247 2038 iterum
258 1973 368 2059 praelo
378 1971 638 2038 committendam
648 1972 731 2038 hanc
741 1974 954 2039 recensionem
965 1995 1114 2038 unacum
1125 1973 1219 2038 notis.
1260 1972 1368 2052 Quae·

128 2075 273 2141 rentibus
287 2076 480 2163 quibusdam
494 2074 535 2141 de
548 2075 754 2163 imprimendi
763 2078 839 2162 jure
853 2074 1036 2164 (oopyriybt)
1051 2074 1216 2162 respondit
1230 2075 1366 2142 Rdmus.

128 2179 163 2246 S.
181 2179 353 2263 LudovioI,
368 2179 396 2245 si
418 2179 497 2270 quid
513 2179 599 2266 juris
612 2180 760 2266 supersit,
775 2203 872 2267 penes
893 2203 927 2246 se
947 2203 1022 2264 esse,
1038 2180 1088 2244 cui
1111 2189 1219 2245 tamen
1234 2179 1369 2245 libenter

129 2284 371 2348 renuntiaturus
385 2294 436 2349 srt.
548 2288 555 2300 '

218 2458 330 2525 VIII.
362 2459 420 2522 Du
442 2459 552 2524 Bonis
575 2460 857 2525 Eocnnsrasrrors
879 2459 1128 2524 Raoumamu
1152 2460 1281 2526 Cusas

653 2565 850 2630 Couurssra

175 2696 220 2761 In
233 2696 476 2784 congregatione
489 2696 653 2783 trigesima
666 2697 771 2783 prima
784 2697 921 2783 privata,
936 2719 1019 2784 quae
1038 2696 1103 2761 suit
1116 2694 1240 2779 ultima,
1257 2696 1369 2761 Patres

92 2882 97 2893 ⁵
130 2800 309 2887 probarunt
321 2823 457 2888 eoquens
470 2799 652 2867 decretum:

175 2904 373 2970 “Praeterea
394 2912 541 2970 statuunt
563 2884 660 2991 hu'jus
682 2905 820 2972 Concilii
846 2905 968 2989 Patres,
987 2912 1026 2971 ut
1048 2904 1132 2970 bona
1153 2903 1368 2987 ecclesiastica,

129 3007 200 3074 sive
212 3008 356 3074 ecclesiae
370 3008 437 3073 sint
450 3008 520 3074 sive
529 3008 656 3074 scholae
669 3010 738 3075 sive
752 3009 867 3074 domus
888 3009 1085 3096 parochiales
1099 3008 1167 3073 sive
1188 3008 1252 3073 alia
1273 3031 1369 3095 quae-

129 3135 278 3199 cumque,
293 3135 374 3199 quae
394 3135 415 3177 a
429 3112 563 3178 familiis
584 3113 758 3201 Religiosis
779 3112 1054 3196 administrantur,
1069 3112 1125 3178 sed
1147 3134 1204 3198 per
1225 3111 1369 3177 fidelium

129 3217 279 3283 collectas
301 3216 337 3281 in
361 3239 457 3282 usum
485 3216 653 3304 parochiae
681 3240 736 3282 seu
767 3217 926 3283 missionis
951 3217 1114 3282 aedificata
1135 3225 1193 3281 aut
1215 3216 1368 3303 acquisita

130 3320 273 3404 fuerumt,
288 3320 512 3407 possideantur
525 3319 634 3386 eadem
650 3320 755 3387 forma
767 3344 804 3386 ac
818 3321 956 3403 nomine,
972 3343 1036 3407 quo
1051 3320 1255 3407 possidentur
1268 3329 1384 3388 cetera.

131 3425 217 3490 bona
244 3425 385 3511 ejusdem
408 3425 532 3510 generis
557 3448 615 3511 per
640 3424 829 3509 Dioecesim,
853 3434 885 3490 et
909 3425 970 3490 sub
995 3424 1167 3489 directione
1197 3423 1367 3511 Episcopi3

131 3552 197 3594 uon
212 3527 395 3616 Religiosae
416 3528 557 3592 familiae
581 3529 720 3612 nomine,
736 3552 818 3616 quae
842 3529 927 3594 bona
949 3528 1135 3614 hujusmodi
1158 3527 1368 3593 administrat.

175 3631 326 3697 “Omnes
346 3631 510 3698 charitatis
535 3641 566 3697 et
589 3632 810 3698 beneficentiae
829 3633 1043 3698 institutiones
1066 3631 1274 3714 dioecesanae,
1289 3654 1369 3718 quae

130 3735 255 3802 collatis
270 3736 415 3801 fidelium
436 3736 580 3823 pecuniis
594 3747 715 3802 erectae
734 3736 866 3801 fuerunt
887 3760 923 3810 ac
944 3746 1172 3818 sustentantur,
1188 3735 1367 3822 possidean-

131 3851 186 3906 tur
199 3839 310 3906 eodem
324 3841 454 3906 nomine
467 3863 504 3906 ao
517 3840 623 3924 titulo,
638 3863 704 3928 quo
725 3841 850 3928 reliqua
864 3841 1013 3906 dioecesis
1027 3840 1112 3905 bona
1133 3839 1194 3904 sub
1216 3839 1368 3927 Episcopi

130 3945 314 4028 directione,
335 3945 427 4030 cujus
452 3944 514 4009 erit
537 3953 657 4010 attente
679 3944 817 4031 vigilare
836 3967 876 4009 ne
901 3943 1086 4030 hujusmodi
1109 3943 1325 4008 institutiones
1349 3968 1369 4009 a

130 4048 186 4134 pio
200 4049 274 4130 fine,
288 4048 351 4113 sibi
365 4071 385 4113 a
400 4048 625 4114 fundatoribus
641 4048 840 4135 praestituto,
855 4071 1057 4136 quocumque
1071 4056 1237 4134 praetextu
1256 4046 1369 4112 defleo·
1451 4128 1458 4144 ο

131 4150 276 4217 tantur.”

163 4271 300 4325 Nota—S.
312 4274 340 4325 C.
351 4272 385 4326 de
396 4273 427 4326 P.
440 4273 471 4326 F.
479 4274 624 4327 consultius
634 4291 689 4326 eme
697 4274 775 4326 duxit
787 4274 837 4326 hoc
847 4273 982 4326 decretum
993 4290 1046 4326 non
1057 4290 1112 4325 esse
1122 4271 1297 4338 retinendum,
1308 4290 1367 4325 cum

132 4355 323 4424 haecquaestio
331 4357 436 4423 plenius
444 4374 497 4409 non
505 4357 587 4409 fuerit
595 4357 755 4410 examinata.
783 4356 1074 4409 “Animadvertendum
1080 4365 1168 4408 tamen
1178 4363 1223 4419 est,
1230 4355 1368 4407 Summum

132 4438 296 4505 Pontificem,
308 4439 371 4492 licet
387 4440 457 4491 hanc
473 4440 727 4506 §.congregationis
746 4439 933 4492 resolutionem
950 4439 1143 4506 approbaverit,
1159 4437 1280 4503 voluisse,
1293 4447 1323 4490 ut
1339 4438 1368 4489 in

132 4523 221 4574 futuro
233 4522 352 4575 Concilio
368 4522 492 4575 Plenario
503 4540 626 4590 praesens
636 4523 755 4590 quaestio
766 4523 852 4575 denuo
863 4522 897 4574 nd
907 4523 1036 4574 trutinam
1053 4522 1158 4589 plenius
1174 4521 1365 4572 revocaretur.”

134 4605 267 4674 (apaan
278 4605 834 4674 aarrafais.c.ue1³.r.‚1roe.,
847 4604 932 4674 aas.)
