3142 5242
182 483 244 546 196
674 493 920 545 arrasam.

180 654 349 720 familiaris
375 652 512 739 Collcgii
543 652 636 718 Emo.
664 652 806 718 Patrono
834 661 866 719 et
896 653 1064 740 Episcopis
1088 653 1422 721 Administiatoribus

179 781 365 846 proponere,
381 780 417 823 ac
431 756 471 821 de
493 757 634 843 ipsorum
656 779 808 822 consensu
831 758 1030 840 constituere,
1044 758 1100 844 qui
1124 758 1158 822 in
1183 781 1420 824 munereexer·

179 862 279 928 oendo
293 885 313 927 a
328 861 473 926 Rectoris
486 860 673 926 auctoritate
687 870 832 946 nutuque
846 861 983 948 pendere
996 860 1132 928 debebit.

224 967 293 1034 VI.
324 967 441 1030 licetur
462 964 612 1030 omnibus
633 965 760 1051 praesit,
783 988 848 1030 non
870 965 1010 1031 alumnis
1031 964 1128 1031 modo
1148 966 1205 1032 sed
1226 977 1260 1032 ct
1282 967 1417 1053 singulis

180 1071 355 1158 majoribus
368 1093 405 1135 aa
420 1068 597 1134 minoribus
612 1068 747 1155 Collegii
762 1068 968 1136 administris·

224 1175 315 1244 VII.
346 1175 415 1239 Neo
439 1174 522 1238 inter
546 1172 693 1239 alumnos
717 1172 906 1239 admittatur
930 1175 1101 1261 quispiam,
1125 1175 1188 1240 nisi
1212 1186 1272 1241 aut
1296 1176 1415 1242 ratione

180 1280 314 1367 originis
327 1288 385 1345 aut
399 1279 521 1343 ratione
535 1277 690 1342 domicilii
704 1277 756 1343 vel
772 1277 863 1364 quasi
884 1277 1041 1343 domicilii
1062 1277 1300 1345 foederatorum
1318 1281 1414 1346 Amc-

180 1385 262 1450 rime
282 1384 432 1450 Statuam
447 1383 528 1448 civis
543 1382 706 1465 habeatur,
722 1391 759 1447 ut
775 1383 957 1449 constitutis
977 1383 1216 1449 conditionibus
1232 1384 1412 1465 satisfaciat,

179 1513 217 1554 ao
230 1488 352 1576 ingenii
374 1510 563 1574 morumque
584 1485 679 1551 laude
699 1485 852 1573 probatus
873 1487 1000 1552 firmam
1016 1510 1105 1574 spcm
1127 1488 1288 1573 praebeat,
1302 1510 1368 1554 sese
1380 1488 1412 1553 in

179 1593 393 1659 ecclesiasticis
407 1591 593 1656 ministeriis
606 1614 672 1656 esse
686 1599 838 1677 perpetuo
849 1591 1088 1658 inserviturum.

223 1697 336 1766 l'III.
360 1697 403 1761 In
424 1695 565 1761 alumnis
587 1696 680 1760 novis
700 1694 910 1761 adsciscendis
924 1695 1062 1783 Collegii
1084 1696 1203 1763 Rector
1222 1721 1297 1763 oum
1320 1698 1412 1785 Epis·

179 1803 266 1889 copis
286 1810 361 1888 agat
381 1799 575 1887 adquorum
591 1799 768 1864 Dioeoesim
783 1798 844 1885 ipsi
866 1799 1046 1885 pcrtinent3
1067 1810 1138 1865 tum
1152 1800 1194 1866 de
1206 1802 1347 1889 singulis
1358 1802 1411 1889 qni

179 1904 358 1992 excipiendi
373 1912 468 1970 erunt
480 1901 522 1968 ad
538 1902 669 1968 Emum.
683 1902 860 1967 Patrouum
875 1903 1001 1987 referat,
1011 1903 1223 1992 alumnosque
1237 1906 1314 1971 item
1327 1920 1411 1972 aute·

179 2033 276 2099 quam
292 2009 473 2095 Collegium
496 2005 728 2095 ingrediantur,
742 2015 799 2071 aut
820 2006 855 2071 in
876 2008 1014 2093 patriam
1035 2007 1176 2092 redeant,
1190 2032 1300 2075 coram
1320 2011 1410 2077 Eme.

163 2114 321 2180 'Patrono
335 2113 434 2178 sistat.

223 2218 292 2284 IX.
323 2217 462 2282 Alunmi
487 2225 657 2303 antequam
678 2216 720 2281 ad
746 2215 857 2281 Sacros
879 2215 1019 2282 Ordines
1044 2230 1307 2304 promoveantur,
1323 2223 1410 2307 jura·

179 2332 323 2387 mentum
339 2320 379 2386 de
393 2344 480 2385 more
494 2321 653 2403 emittant,
668 2329 705 2383 ut
720 2321 752 2383 in
768 2320 923 2407 Collegiis
938 2320 1116 2387 Pontificiis
1129 2323 1199 2387 ficri
1213 2323 1305 2391 solet.

223 2427 270 2492 X.
294 2425 431 2512 Collegii
448 2424 576 2491 Urbani
598 2423 671 2488 fidei
688 2423 918 2511 Propagandae
938 2424 1061 2490 scholas
1074 2426 1261 2493 Americani
1275 2428 1410 2495 Alumni

179 2530 358 2596 studiorum
373 2552 468 2593 causa
480 2527 648 2610 celebrent,
664 2527 772 2614 ibique
785 2527 828 2593 ad
848 2528 967 2616 gradus
981 2528 1190 2596 Academicos
1202 2533 1410 2619 assequendas

178 2634 340 2700 doctrinae
364 2633 581 2719 experimenta
608 2631 836 2711 edant-Quo
862 2633 998 2698 veroin
1023 2632 1138 2698 studiis
1167 2636 1236 2700 suis
1264 2639 1411 2723 proficere

178 2738 306 2804 valeant
331 2737 470 2819 uberius,
493 2734 636 2801 sacculos
657 2759 763 2800 rerum
786 2735 1036 2824 theologicarum
1061 2747 1093 2802 ct
1118 2739 1410 2827 philosophicarum

178 2843 308 2907 aientia
329 2851 491 2928 praestans
516 2840 603 2926 repud
630 2841 714 2925 ipsos
735 2850 958 2922 commoretur,
981 2842 1038 2928 qui
1064 2842 1178 2907 iisdem
1204 2844 1239 2908 in
1261 2847 1410 2932 susceptis

178 2946 441 3033 praelationibus
455 2943 665 3029 explanandis
680 2954 712 3009 ct
727 2944 925 3009 illustrandis
937 2945 1124 3012 adiumento
1137 2949 1206 3013 crit.

223 3050 292 3116 XI.
315 3049 413 3130 Quod
428 3060 534 3114 antem
549 3049 590 3113 ad
604 3048 803 3134 spiritualem
818 3048 1037 3114 Alumnorum
1060 3074 1168 3116 curam
1190 3055 1317 3138 attinet,
1333 3055 1411 3120 Rec-

179 3157 257 3220 toris
282 3177 401 3218 munus
423 3153 484 3218 erit
508 3153 699 3217 sacerdotem
725 3151 766 3217 ad
792 3152 1002 3218 confessiones
1026 3155 1229 3240 excipiendas
1253 3159 1296 3223 ab
1319 3159 1408 3223 Emo.

179 3259 281 3326 Urbis
307 3258 441 3326 Vimrio
470 3257 692 3343 approbatum,
719 3257 754 3321 in
780 3257 906 3344 pietatis
935 3258 1123 3343 magistrum
1152 3268 1185 3324 ct
1214 3262 1409 3328 ordinarium

179 3362 414 3429 Corrsessarium
429 3362 485 3448 qui
510 3363 543 3426 in
558 3361 696 3447 Collegii
716 3361 846 3426 aedibus
859 3361 963 3447 degat,
979 3362 1018 3427 de
1034 3362 1119 3428 Emi.
1136 3364 1272 3431 Patroni
1285 3390 1409 3433 assensn

178 3468 338 3554 dcligcrc;
361 3467 449 3552 isque
465 3467 509 3530 ita
523 3466 663 3530 delectus
677 3465 896 3530 Alumnorum
911 3467 1027 3531 animis
1041 3466 1082 3532 ad
1097 3468 1253 3534 virtutem
1268 3481 1301 3536 et
1314 3472 1410 3536 seien-

179 3573 256 3636 tiam
272 3571 460 3635 Sanctorum
476 3570 615 3634 studiose
629 3593 665 3634 ac
680 3568 854 3657 prudenter
867 3571 1080 3656 provehendis
1093 3594 1221 3657 operam
1238 3587 1346 3641 navet.

222 3675 311 3740 XII.
344 3674 387 3737 In
401 3674 619 3738 Alumnorum
641 3674 810 3760 disciplina
824 3674 950 3761 regulae
964 3698 1019 3740 scu
1034 3674 1117 3762 leges
1132 3676 1270 3764 Collegii
1287 3679 1409 3745 Urbani

178 3779 273 3845 Fidei
295 3778 524 3865 Propagandae
545 3789 724 3864 opportuno
738 3788 937 3864 temperatae,
951 3802 988 3844 ac
1001 3780 1214 3865 peculiaribus
1228 3784 1410 3849 Americani

179 3883 315 3969 collegii
330 3882 506 3947 rationibus
520 3883 781 3964 accommodatae,
796 3892 937 3947 aocuratc
951 3894 1125 3949 serventur.

222 3987 388 4056 Volumus
417 3986 554 4071 denique
576 3995 613 4051 ut
634 3986 694 4050 hae
723 3987 851 4050 Literae
879 3987 1016 4052 Nostrae
1044 3989 1154 4053 firmae
1183 4002 1344 4079 rataeque,
1365 3992 1410 4057 uti

178 4101 263 4172 sunt,
279 4091 323 4155 ita
346 4091 378 4154 in
402 4100 564 4175 postcrum
586 4100 809 4176 permancant;
831 4091 960 4155 irritum
981 4101 1086 4156 autem
1101 4101 1134 4157 et
1148 4092 1243 4159 inane
1265 4095 1410 4162 futurum

178 4195 375 4259 deernimus
398 4195 425 4258 si
449 4193 527 4281 qnid
550 4194 720 4279 superbis
743 4218 762 4259 a
783 4217 944 4281 quoquam
964 4195 1132 4281 coratigerit
1145 4201 1317 4266 attentari:
1340 4223 1411 4266 con·

178 4299 284 4362 trariis
299 4299 551 4385 quibuscumque
566 4322 631 4363 non
646 4299 855 4364 obstantibus,

223 4402 344 4467 Datum
361 4402 482 4466 Romae
496 4401 557 4466 sub
571 4402 668 4468 anulo
684 4402 854 4467 Piscatoris
867 4426 952 4469 anno
967 4404 1137 4470 millesimo
1151 4407 1411 4495 octingentesimo

179 4506 390 4592 metuagcsimo
419 4515 533 4593 quarto
565 4507 617 4570 die
645 4524 736 4571 xxv.
763 4504 921 4573 Octobris.
952 4507 1162 4573 Pontificatus
1188 4509 1305 4576 Nostri
1330 4535 1411 4580 anno

179 4609 322 4692 septimo.

964 4716 1005 4782 F.
1028 4717 1140 4782 Canu.
1165 4718 1342 4788 Curuus·
