3142 5242
216 475 257 540 26
331 493 514 539 TITULUS
543 493 704 540 11.-1›E
734 485 941 538 PERSONIS
970 489 1331 537 ECOLESIASTICIS.

214 646 442 740 indicend03
486 656 524 724 et
559 648 641 724 dies
675 649 806 723 decem
842 645 1055 744 assignabit
1092 650 1143 724 ad
1176 653 1444 721 concurrentes

213 764 506 859 adscribendos;
533 765 637 840 huno
656 789 749 839 vero
769 762 981 839 terminum
1002 789 1211 863 prorogare
1231 762 1375 862 poterit
1394 765 1444 838 ad

104 962 107 980 ,
211 880 352 978 viginti
375 881 470 957 dies.
522 881 561 957 N
562 906 612 955 on
636 881 741 956 ultra
762 888 893 955 autem
916 904 984 954 sex
1008 905 1161 955 menses
1183 906 1230 956 ex
1252 905 1328 978 quo
1350 879 1442 953 mis·

211 994 360 1072 sionem
395 1016 465 1071 suo
498 1005 648 1073 rectore
679 997 857 1071 orbatam
874 996 1136 1093 cognoverit,
1160 996 1313 1071 differet
1351 997 1442 1071 novi

210 1111 370 1186 rectoris
412 1112 730 1188 nominationem.
798 1112 1073 1211 Opportunum
1114 1111 1233 1186 etiam
1274 1110 1360 1202 erit,
1400 1119 1443 1186 ut

210 1227 394 1327 Episcopi
421 1254 446 1304 a
472 1230 510 1306 S.
538 1228 726 1305 Pontifice
751 1229 974 1304 facultatem
1002 1227 1215 1327 implorent
1239 1252 1311 1327 pro
1339 1227 1441 1303 dicto

209 1343 377 1418 termino
403 1345 555 1420 dierum
581 1347 712 1421 decem
738 1347 789 1421 ad
813 1344 899 1420 dies
922 1343 1087 1443 triginta
1110 1344 1381 1444 prorogando.¹

257 1461 320 1537 43.
346 1461 413 1535 Ad
430 1463 674 1537 subeundum
691 1486 853 1536 examen
876 1460 1133 1536 admittentur
1148 1467 1302 1536 tantum
1318 1486 1440 1536 sacer·

208 1577 318 1652 dotes
340 1579 417 1653 fide
441 1604 484 1652 ac
503 1578 679 1653 moribus
699 1576 854 1676 integri,
871 1576 939 1676 qui
961 1601 1032 1675 per
1048 1576 1278 1652 decennium
1301 1577 1441 1652 saltem

208 1718 361 1770 sacrum
384 1693 646 1769 ministerium
668 1693 919 1769 laudabiliter
938 1693 1178 1769 exercuerint
1200 1693 1242 1768 in
1264 1693 1440 1787 dioecesi,

208 1818 248 1884 et
273 1809 378 1885 intra
405 1809 511 1886 idem
537 1810 726 1909 temporis
750 1809 922 1909 spatium
948 1833 1021 1909 per
1044 1815 1125 1886 tres
1149 1810 1289 1885 saltem
1318 1836 1440 1886 annos

208 1925 371 2025 alicujus
403 1926 586 2003 ecclesiae
613 1951 747 2031 curam
781 1925 990 2002 habuerint
1022 1931 1210 2025 tanquam
1243 1927 1440 2027 simplices
1540 2016 1543 2022 Α

206 2050 385 2135 rectores,
403 2049 472 2118 aut
493 2044 609 2118 aliter
624 2043 820 2142 specimen
835 2038 1016 2118 dederint
1036 2068 1130 2118 suae
1151 2042 1367 2118 habilitatis
1390 2046 1440 2119 ad

206 2157 431 2239 missionem
457 2158 820 2251 administrandam,
846 2166 930 2234 tam
959 2157 1000 2233 in
1027 2158 1297 2257 spiritualibus
1321 2186 1440 2259 quam

206 2277 248 2348 in
280 2275 573 2374 temporalibus.
637 2274 716 2364 Qui
748 2274 870 2373 igitur
903 2274 1059 2350 admitti
1093 2275 1259 2374 cupient,
1294 2284 1439 2352 statuto

205 2396 381 2487 tempore
410 2391 460 2465 ab
493 2390 688 2490 Episcopo
729 2389 928 2466 licentiam
962 2397 1106 2490 petent,
1140 2391 1250 2490 cujus
1283 2393 1359 2467 erit
1392 2395 1439 2468 de

205 2530 339 2582 corum
365 2506 600 2582 admissione
617 2506 805 2606 judicare.

253 2623 313 2699 44
341 2622 389 2697 In
407 2623 590 2699 scientiae
612 2623 784 2722 periculo
808 2624 1008 2700 subeundo
1031 2626 1346 2722 respondendum
1364 2626 1440 2701 erit

203 2743 289 2813 tum
314 2764 408 2814 voce
431 2745 518 2815 tum
543 2738 699 2838 scripto.
750 2740 1004 2828 Quaestiones
1034 2740 1084 2816 ab
1109 2740 1438 2818 examinatoribus

204 2857 480 2954 proponendae
499 2856 781 2954 depromantur
797 2880 819 2930 e
839 2855 1065 2954 theologicis
1082 2855 1310 2955 disciplinis,
1328 2884 1436 2958 prae·

204 2972 339 3047 sertim
380 2996 404 3047 e
441 2972 652 3070 Theologia
694 2971 850 3065 Morali‚
885 2972 1116 3072 Dogmatica
1157 2979 1197 3048 et
1238 2973 1439 3074 Liturgica

206 3087 378 3186 Jureque
402 3087 619 3181 Canonico;
649 3113 720 3163 nec
744 3096 950 3164 versentur
974 3087 1051 3164 nisi
1075 3090 1247 3165 circaea
1271 3116 1436 3190 quorum

203 3203 363 3279 scientia
388 3207 439 3281 ad
464 3229 609 3279 munus
633 3205 830 3303 pastorale
854 3206 931 3280 rite
954 3205 1178 3282 obeundum
1204 3207 1434 3306 requiritnr3

202 3320 245 3394 in
270 3319 332 3395 his
357 3321 476 3396 etiam
501 3346 548 3396 ea
572 3320 820 3420 potissimum
846 3321 1079 3420 deligantur,
1105 3348 1272 3421 quorum
1299 3325 1438 3400 notitia

202 3443 386 3535 prompta
418 3463 463 3512 ac
491 3445 629 3536 parata
661 3461 815 3536 semper
843 3437 1034 3514 habeatur
1062 3446 1225 3537 oportet,
1256 3465 1302 3514 eo
1332 3444 1436 3541 quod

201 3552 344 3628 solutio
376 3553 604 3629 dilationem
637 3552 896 3629 communiter
927 3579 1006 3629 non
1039 3555 1199 3654 patitur.
1263 3555 1436 3657 Singulis

202 3668 320 3743 etiam
350 3669 569 3768 assignetur
593 3694 643 3745 ex
669 3669 902 3745 catechismo
928 3695 1008 3746 una
1036 3671 1235 3771 alteraque
1261 3675 1435 3773 quaestio

201 3784 429 3860 catechetice
447 3787 686 3884 exponenda,
709 3792 756 3862 ut
773 3786 1075 3886 uniuscujusque
1094 3795 1268 3886 patescat
1287 3791 1435 3866 metho-

203 3903 275 3976 dus
306 3926 353 3975 ac
386 3901 528 4000 peritia
568 3900 611 3977 in
644 3902 875 4001 explicanda
915 3901 1227 4004 illustrandaque
1259 3906 1436 3983 doctrina

203 4015 434 4111 Christiana,
460 4018 578 4117 plane
603 4043 648 4093 ac
671 4018 799 4094 lucide
824 4026 865 4093 et
890 4021 1176 4095 accommodate
1200 4021 1252 4096 ad
1277 4031 1434 4122 captum

202 4134 456 4229 parvulorum
498 4160 543 4209 ac
574 4134 745 4210 rudium.
814 4133 1063 4233 Proponatur
1104 4137 1264 4213 demum
1307 4146 1434 4215 textus

203 4248 408 4346 Evangelii
442 4275 560 4348 super
589 4276 664 4349 quo
699 4251 844 4349 singuli
878 4261 1148 4327 concurrentes
1181 4253 1434 4331 concionandi

202 4364 425 4439 facultatem
452 4367 652 4464 probaturi
679 4368 860 4441 scribant.
917 4368 1061 4465 (Const.
1088 4368 1150 4443 cit.
1178 4371 1197 4464 ξ
1225 4370 1276 4466 7.)

237 4617 245 4649 ¹
255 4618 325 4671 Vide
336 4594 521 4672 Decretum'de
533 4620 657 4671 Ternrino
669 4622 820 4685 Concursus,
832 4641 914 4689 mtprc,
928 4639 953 4688 p.
966 4621 1020 4674 ciii.
