3142 5242
581 480 635 526 DE
664 480 989 529 SOCIETATIBUS.

605 849 821 924 CAPUT
857 850 960 925 ΙΙΙ.

584 1014 648 1090 Dn
679 1017 978 1092 Socrnrnrrans.

448 1183 466 1277 ᾗ
492 1184 525 1254 1.
562 1183 619 1257 De
645 1183 879 1257 Societotidas
906 1184 1114 1259 Iahorwstia.

214 1346 301 1421 244.
328 1347 536 1423 Societates
562 1349 735 1423 Secretas
760 1349 911 1422 hostem
938 1348 1244 1425 infensissimum
1268 1351 1398 1428 Eccle-

164 1459 245 1536 siae
273 1461 346 1537 Dei
374 1469 413 1538 et
439 1464 560 1540 fuisse
586 1470 626 1539 et
653 1489 747 1557 esse,
775 1465 975 1540 declarant
1001 1491 1078 1540 non
1108 1468 1223 1542 modo
1252 1467 1400 1543 monita

164 1602 311 1672 eorum,
341 1579 409 1678 qui
441 1606 464 1654 a
494 1580 648 1655 Christo
684 1578 800 1679 positi
835 1580 993 1656 fuerunt
1009 1584 1077 1658 ‘ad
1107 1583 1397 1659 custodiendam

165 1693 373 1770 Civitatem
401 1695 486 1789 Dei,
510 1721 647 1771 verum
673 1696 791 1771 etiam
817 1698 1049 1771 confirmant
1073 1706 1235 1773 eventus
1258 1698 1397 1774 tristis·

164 1809 254 1885 simi
283 1812 452 1887 duorum
482 1812 728 1911 superiorum
758 1812 1011 1906 saeculorum,
1042 1815 1244 1913 multoque
1274 1815 1399 1914 magis

164 1933 289 2002 status
306 1927 549 2003 miserrimus
566 1930 617 2003 ad
634 1954 749 2028 quem
773 1928 952 2028 pluribus
975 1929 1017 2003 in
1041 1929 1134 2004 locis
1153 1929 1326 2006 Ecclesia
1341 1938 1401 2006 est

164 2045 330 2119 redacta.
399 2043 438 2120 N
440 2070 481 2119 ec
516 2043 558 2119 in
594 2044 816 2119 societatem
850 2043 1073 2143 religiosam
1115 2050 1398 2139 tantummodo,

165 2184 301 2236 verum
325 2160 444 2237 etiam
468 2161 510 2236 in
534 2161 689 2236 civilem
714 2161 809 2236 haec
831 2161 953 2259 pestis
976 2161 1138 2237 exitiosa
1163 2161 1330 2256 invasit3
1357 2188 1401 2238 ac

165 2276 221 2352 ita
237 2276 382 2352 civium
400 2280 518 2353 corda
542 2277 771 2377 animosque
796 2302 866 2352 suo
892 2276 1029 2352 lethali
1054 2277 1200 2352 foetore
1216 2278 1399 2376 corrupit,

165 2399 210 2468 ut
226 2393 350 2491 ipsius
369 2393 622 2491 Reipublicae
639 2394 788 2469 viscera
812 2393 968 2493 penitus
994 2393 1180 2468 infecerit.
1234 2394 1400 2469 Interim

165 2516 296 2584 autem
329 2508 497 2584 Romani
533 2508 739 2585 Pontifices
774 2535 843 2585 suo
878 2508 1032 2585 muneri
1067 2534 1145 2584 non
1181 2511 1400 2586 defuerunt.

166 2625 316 2700 Iterum
342 2635 459 2724 atque
485 2625 628 2700 iterum
654 2651 732 2701 non
759 2628 874 2701 modo
900 2626 1053 2714 hostem
1079 2626 1309 2720 clamarunt,
1333 2628 1401 2701 sed

165 2750 366 2839 praeterea
387 2741 562 2816 districto
586 2741 782 2817 Ecclesiae
804 2742 935 2840 gladio
960 2743 1220 2839 perculerunt,
1238 2742 1401 2817 insidias

166 2865 206 2932 et
230 2858 393 2932 consilia
419 2857 460 2932 in
489 2866 622 2956 aperto
650 2866 875 2958 posuerunt,
903 2866 942 2933 et
971 2857 1143 2932 remedia
1173 2860 1224 2934 ad
1251 2859 1400 2933 malum

165 2974 434 3072 repellendum
469 2982 690 3072 opportuna
718 2975 989 3073 praebuerunt.
1044 2973 1192 3049 Eorum
1225 2974 1400 3050 omnium

166 3089 445 3165 declarationes
474 3091 539 3165 SS.
568 3089 761 3165 Dominus
793 3090 936 3165 Noster
967 3090 1046 3165 Leo
1076 3088 1212 3182 ΧΙΙΙ.,
1239 3090 1402 3165 feliciter

165 3232 346 3306 regnans
381 3205 603 3305 nuperrime
641 3205 684 3281 in
723 3205 902 3304 Epistola
945 3206 1150 3306 Encyclica
1192 3206 1402 3282 Humanum

75 3335 83 3348 “
170 3322 301 3418 Genus,
343 3347 522 3397 sermone
567 3321 678 3421 gravi
724 3346 844 3422 acque
887 3347 931 3398 ac
973 3321 1118 3397 diserto
1160 3322 1317 3421 collegit
1363 3331 1403 3398 et

166 3439 381 3516 renovavit.

217 3557 304 3631 245.
340 3554 426 3630 Has
451 3554 574 3655 igitur
599 3556 878 3632 Instructiones
908 3563 948 3631 et
974 3555 1148 3650 Decreta,
1176 3557 1272 3631 adeo
1298 3555 1399 3654 sapi·

166 3680 277 3749 enter
302 3697 327 3746 a
353 3671 542 3747 Romanis
568 3670 821 3747 Pontificibus
852 3671 967 3764 edita,
994 3673 1045 3747 ad
1074 3672 1223 3747 malum
1252 3671 1400 3771 gravis-

71 3835 81 3861 ,
167 3789 311 3864 simum
347 3814 371 3863 a
404 3787 549 3863 Christi
592 3788 771 3863 fidelibus
814 3791 1036 3882 arcendum,
1072 3789 1253 3862 volumus
1292 3788 1400 3861 nullo

167 3907 283 3980 modo
318 3903 441 3980 veluti
484 3903 618 3978 inania
650 3904 809 3979 haerere
843 3929 1041 4003 suspensa,
1076 3929 1212 3980 verum
1246 3910 1403 3979 econtra

135 4050 139 4057 ·
167 4024 304 4097 eadem
331 4020 484 4095 fortiter
508 4019 708 4118 applicari,
735 4028 780 4095 ut
804 4020 963 4095 morbus
987 4019 1072 4099 iste,
1087 4020 1248 4119 pestifer
1274 4045 1295 4094 e
1321 4043 1401 4094 cor·

167 4162 263 4236 pore
279 4136 461 4236 religioso
482 4135 601 4211 simul
627 4161 671 4210 ac
696 4135 803 4211 civili
827 4139 986 4211 tandem
1003 4137 1231 4234 expellatur.
1286 4135 1402 4210 Hunc

167 4278 321 4353 quoque
354 4253 530 4328 animum
569 4251 689 4326 luisse
723 4252 907 4327 Patribus
940 4252 1206 4352 praecedentis
1240 4251 1401 4326 Concilii

168 4369 272 4445 Balt.
290 4393 339 4444 ex
355 4369 554 4468 praeclaro
577 4367 647 4442 illo
670 4367 787 4443 titulo
810 4376 930 4466 patet,
947 4394 1064 4467 quem
1082 4370 1130 4442 de
1147 4367 1401 4442 societatibus

169 4485 334 4561 Secretis
352 4485 580 4576 ediderunt3
606 4492 647 4559 et
663 4483 746 4559 Nos
763 4508 898 4559 eorum
921 4508 1157 4559 successores
1177 4491 1216 4557 et
1232 4483 1274 4558 in
1292 4485 1400 4557 docu-

169 4601 312 4676 mentis
343 4599 557 4675 Pontificiis
591 4599 825 4698 exequendis
860 4600 1129 4693 aemulatores,
1160 4601 1296 4674 eodem
1326 4623 1402 4697 quo
