3142 5242
459 461 514 506 »Β
542 460 804 508 scurrnarrs
833 460 1090 508 nascamus.
1349 447 1388 510 91

154 614 251 715 ipsis
268 623 503 715 competunt,
522 616 563 691 in
580 616 781 693 tradendis
798 616 943 692 scilicet
965 615 1141 717 puerulis
1159 616 1391 694 christianae
1501 677 1504 682 .

154 732 244 808 fidei
262 732 475 826 elementis,
493 732 535 808 in
558 733 665 808 chori
690 732 823 808 officiis
844 732 1102 827 inserviend0,
1119 732 1161 807 in
1178 733 1390 833 ceterisque

155 847 196 924 id
218 848 372 949 generis
392 848 621 924 ministeriis
638 850 689 925 ad
713 847 838 925 divini
861 849 989 925 cultus
1011 850 1198 925 honorem
1216 849 1389 926 ecclesia·

154 990 319 1065 rumque
349 965 564 1041 decentiam
599 973 638 1042 et
671 974 852 1042 ornatum
883 965 1179 1067 pertinentibus.
1248 964 1390 1042 Finitis

155 1081 432 1176 vacationibus,
450 1082 653 1182 parochus,
676 1089 840 1181 gravata
865 1082 949 1180 ejus
974 1082 1219 1177 conscientia,
1236 1088 1391 1158 tenetur

154 1197 295 1273 clausis
324 1198 449 1274 literis
479 1197 718 1297 Episcopum
748 1206 817 1277 aut
845 1197 1045 1274 seminarii
1078 1198 1330 1297 superiorem,
1356 1198 1389 1274 si

155 1313 372 1412 Episcopus
396 1315 575 1405 voluerit,
601 1314 812 1390 informare
847 1317 896 1391 de
926 1315 1099 1391 moribus
1128 1315 1389 1409 alumnorum,

154 1431 362 1507 decorum
388 1430 547 1507 vivendi
573 1431 735 1525 ratione,
762 1433 810 1507 de
836 1431 1144 1531 frequentatione
1173 1456 1388 1508 sacramen·
1503 1454 1508 1465 ·

152 1552 283 1622 torum
313 1555 353 1624 et
382 1547 610 1623 assiduitate
639 1547 681 1623 in
712 1548 800 1623 aliis
830 1547 1090 1630 functionibus
1116 1547 1245 1643 sacris,
1272 1573 1316 1623 ac
1341 1549 1390 1626 de

152 1661 291 1739 habitu
306 1664 434 1764 qualis
450 1663 608 1739 clericos
625 1665 805 1740 alumnos
823 1666 932 1740 decet
948 1664 998 1739 ab
1020 1663 1069 1739 iis
1086 1670 1249 1741 retento,
1303 1665 1390 1741 Hoc

153 1779 420 1856 testimonium
438 1779 546 1855 illius
569 1780 728 1880 parochi
752 1806 835 1858 esse
858 1781 974 1857 debet
989 1781 1049 1879 cuj
1057 1806 1100 1856 us
1124 1779 1327 1857 directioni
1350 1789 1390 1858 et

153 1895 380 1994 vigilantiae
410 1896 560 1972 alumni
590 1897 753 1995 subjecti
783 1905 916 1990 erant3
959 1896 1127 1996 quodsi
1157 1897 1192 1973 is
1221 1898 1388 1975 aliorum

153 2014 396 2088 sacerdotum
413 2012 753 2088 informationibus
769 2013 954 2112 indigeat,
974 2021 1018 2089 ut
1033 2020 1138 2090 certa
1154 2015 1205 2089 ad
1229 2012 1386 2112 Episco-

152 2154 247 2227 pum
266 2129 330 2204 vel
355 2128 554 2205 seminarii
581 2129 820 2227 superiorem
846 2131 990 2205 referre
1012 2130 1151 2224 valeat,
1170 2155 1235 2206 cas
1261 2155 1387 2206 neces·

152 2244 255 2320 sario
281 2245 464 2345 requirat

202 2362 285 2439 178.
329 2360 438 2451 Quae
463 2369 640 2462 spectant
669 2364 721 2439 ad
749 2363 1048 2438 seminariorum
1073 2371 1219 2439 rectam
1243 2363 1389 2440 interni

150 2476 354 2576 regiminis
378 2477 570 2553 rationem
592 2486 632 2554 et
656 2504 788 2554 rerum
813 2479 1089 2578 temporalium
1114 2479 1387 2575 conditionem,

152 2617 200 2669 ex
222 2591 386 2668 Patrum
405 2593 722 2670 Tridentinorum
735 2595 943 2671 voluntate
966 2592 1249 2694 Episcoporum
1269 2594 1387 2695 juris·

151 2709 323 2803 dictioni,
337 2735 452 2786 curae
468 2718 508 2786 et
521 2710 749 2810 vigilantiae
766 2710 1035 2809 principaliter
1051 2718 1145 2787 sunt
1159 2712 1384 2789 concredita

151 2828 211 2901 At
242 2851 330 2902 cum
366 2826 565 2903 ordinaria
598 2827 783 2903 dioecesis
817 2826 973 2926 negotia
1005 2828 1230 2903 eorumdem
1263 2838 1386 2906 atten-

151 2944 298 3018 tionem
324 2951 364 3020 et
388 2943 691 3020 sollicitudinem
716 2944 946 3044 plerumque
974 2943 1049 3018 sibi
1072 2942 1281 3040 vindicent,
1299 2971 1386 3047 pro·

151 3059 242 3136 vide
270 3067 459 3136 caverunt
486 3058 764 3158 sapientissimi
798 3058 919 3135 iidem
950 3059 1098 3153 Patres,
1130 3066 1175 3136 ut
1204 3058 1388 3161 Episcopi

151 3175 312 3253 idoneos
329 3176 436 3252 viros
453 3175 722 3269 adsciscerent,
740 3176 808 3274 qui
830 3174 873 3250 in
897 3175 1098 3251 seminarii
1115 3176 1388 3255 sollicitudinis
1416 3201 1418 3205 ‘

151 3300 304 3394 partem
330 3293 519 3382 advocati,
537 3292 635 3391 ipsis
661 3292 703 3367 in
729 3294 865 3367 eodem
882 3293 1052 3391 regendo
1076 3292 1222 3368 auxilio
1248 3301 1386 3371 essent.

154 3408 310 3508 Duplex
339 3435 456 3510 porro
485 3416 547 3485 cst
575 3411 849 3508 deputatorum
879 3408 1025 3506 species
1055 3434 1154 3508 quae
1183 3435 1255 3508 pro
1284 3419 1389 3486 recta

153 3526 354 3604 seminarii
371 3525 708 3602 administratione
731 3549 775 3600 ac
790 3524 981 3624 regimine
999 3551 1022 3600 a
1040 3525 1211 3600 Concilio
1229 3527 1386 3603 Triden-

152 3644 234 3720 tino
259 3643 499 3743 praescripta
523 3642 608 3718 fuit.
662 3641 798 3717 Prima
817 3641 963 3740 species
987 3647 1047 3717 est
1069 3667 1203 3718 corum
1221 3668 1387 3742 quorum

152 3760 359 3838 consilium
385 3759 570 3835 adhibere
594 3759 710 3834 debet
729 3757 947 3856 Episcopus
972 3757 1073 3832 circa
1096 3784 1258 3858 eaquae
1277 3760 1388 3836 semi·
1434 3823 1436 3827 ,

155 3877 256 3952 narii
296 3876 496 3952 internum
537 3874 712 3973 regimen
754 3873 991 3972 respiciunt3
1035 3874 1159 3949 altera
1192 3900 1285 3951 vero
1328 3884 1389 3953 est

153 4018 288 4069 eorum
314 4017 481 4093 quorum
506 3990 710 4065 consilium
736 3988 1018 4088 exquirendum
1049 3997 1108 4065 est
1132 3990 1233 4066 circa
1256 4018 1388 4070 rerum

153 4109 430 4209 temporalium
455 4105 845 4199 administrationem,
872 4105 932 4182 uti
956 4112 1016 4181 est
1039 4113 1153 4182 tarrae
1178 4106 1387 4206 impositio,

153 4225 351 4301 rationum
375 4224 619 4300 redditarum
643 4221 855 4322 recognitio
882 4221 1035 4321 aliaque
1059 4222 1215 4298 similia.

205 4343 289 4420 179.
313 4342 501 4417 Stetuunt
523 4339 645 4440 igitur
668 4338 806 4415 Patres
830 4337 873 4414 in
899 4339 971 4414 hac
995 4340 1145 4437 synodo
1168 4339 1387 4434 coadunati,

154 4465 200 4536 ut
228 4483 300 4559 pro
325 4482 557 4558 unoquoque
585 4455 805 4548 seminario,
832 4454 915 4530 sive
944 4454 1098 4549 minori,
1124 4454 1208 4533 sive
1236 4455 1387 4555 majori,

155 4577 232 4652 duo
258 4575 398 4651 saltem
428 4573 713 4649 constituantur
737 4571 925 4670 deputati,
952 4595 1054 4646 unus
1079 4596 1151 4671 pro
1176 4571 1387 4671 spirituali-
