3142 5242
595 472 649 517 or
678 473 912 521 srrscorrs
1350 457 1389 521 11

158 635 258 703 rant.
310 626 447 727 Neque
470 627 549 703 alia
572 634 632 703 est
653 627 905 726 computandi
928 627 1040 722 ratio,
1058 628 1176 703 etiam
1199 627 1233 702 si
1254 636 1393 728 agatur

158 746 206 820 de
229 744 385 819 sedibus
411 751 585 819 recenter
609 744 757 819 erectis.
809 744 964 819 Harum
990 769 1083 843 ergo
1109 744 1261 821 sedium
1278 745 1391 843 Epis·

157 859 254 959 copi,
274 860 374 935 sicut
395 858 437 933 iu
461 859 551 934 aliis
576 859 906 958 dispositionibus
925 859 1044 935 etiam
1060 859 1102 935 in
1120 860 1193 935 hac
1208 860 1391 936 constitu·

158 975 257 1051 tioni
298 974 473 1051 Sixtinae
514 976 726 1050 adhaerere
767 977 920 1076 debent.
989 976 1069 1072 (Ita
1109 976 1313 1075 respondit
1353 975 1390 1051 S.

159 1091 416 1190 Congregatio
433 1093 483 1166 de
499 1090 761 1190 Propaganda
778 1091 875 1167 Fide
891 1092 934 1167 in
953 1091 1130 1168 Oomitiis
1147 1092 1393 1192 generalibus

159 1208 221 1283 die
238 1209 265 1284 3
282 1207 382 1305 Maji
407 1207 506 1284 1875
531 1206 686 1300 habitis,
704 1214 750 1283 ut
774 1209 941 1283 refertur
956 1209 999 1284 in
1017 1208 1277 1284 Instructione
1293 1209 1392 1306 ejus·

158 1326 248 1399 dem
265 1324 304 1399 S.
322 1323 643 1423 Congregationis
668 1348 786 1422 super
802 1322 1037 1400 Visitatione
1062 1326 1127 1399 SS.
1146 1324 1390 1423 Liminum.¹)

159 1440 387 1539 Episcopus,
413 1439 481 1539 qui
507 1464 586 1515 non
611 1445 740 1539 potest
764 1465 835 1539 per
860 1465 912 1535 se,
938 1448 1093 1517 tenetur
1118 1466 1189 1540 per
1213 1465 1394 1540 procura-

157 1563 282 1631 torem
300 1556 472 1633 visitare.
1117 1596 1121 1604 ¹

209 1675 269 1748 14.
297 1671 428 1762 Quum
453 1673 546 1748 boni
572 1672 741 1773 pastoris
767 1673 829 1769 sit,
856 1674 1034 1773 exemplo
1061 1674 1207 1749 Christi
1233 1673 1394 1750 Domini

97 1816 100 1823 ·
158 1814 249 1864 oves
267 1814 357 1863 suas
375 1814 488 1865 nosse
510 1798 551 1865 et
573 1791 624 1865 ab
645 1789 785 1865 iisdem
803 1791 990 1889 cognosci,
1008 1790 1193 1866 Visitatio
1211 1789 1395 1866 dioecesis

158 1931 246 1980 cum
272 1905 461 2004 pastorali
486 1905 769 2004 Episcoporum
795 1906 918 1981 officio
947 1915 1030 1982 tam
1062 1914 1166 1982 arcte
1189 1907 1395 2005 conjuncta

158 2028 217 2096 est
250 2028 296 2096 ut
329 2022 438 2097 nullo
472 2023 589 2096 modo
623 2021 753 2097 omitti
787 2030 856 2098 aut
889 2022 1035 2123 negligi
1068 2022 1202 2123 possit.
1264 2021 1393 2099 Unus·

159 2137 322 2238 quisque
354 2136 477 2236 igitur
510 2137 728 2237 Episcopus
771 2139 910 2214 saltem
953 2164 1185 2239 unoquoque
1227 2138 1394 2214 triennio

158 2260 282 2329 totam
317 2253 521 2330 dioecesim
563 2255 801 2353 perlustrare
841 2261 1029 2349 tencatur,
1064 2280 1142 2330 non
1183 2256 1309 2331 solum
1351 2262 1397 2331 ut

159 2395 317 2469 gregem
341 2394 457 2444 suum
479 2376 685 2469 cognoscat
706 2396 827 2470 eaque
849 2371 982 2447 omnia
998 2397 1097 2470 quae
1120 2372 1170 2446 ad
1193 2370 1396 2470 spirituale

159 2510 293 2562 eorum
316 2485 463 2560 bonum
487 2486 703 2561 necessaria
724 2494 817 2563 sunt
839 2487 919 2562 suis
936 2487 1021 2586 ipse
1038 2487 1159 2562 oculis
1176 2486 1394 2585 perspiciat,

159 2603 227 2677 sed
251 2601 371 2676 etiam
397 2610 441 2677 ut
465 2602 598 2678 fideles
616 2609 676 2678 tot
697 2602 935 2678 amittendae
959 2603 1049 2678 fidei
1074 2602 1116 2678 in
1143 2602 1215 2677 hac
1239 2603 1396 2702 regione

158 2717 342 2816 periculis
376 2718 570 2817 expositos
613 2720 861 2794 Sacramento
896 2718 1209 2794 Confirmationis
1243 2718 1396 2794 munire

159 2834 294 2932 possit.
346 2834 460 2924 Quod
482 2833 516 2909 si
542 2860 614 2934 per
630 2860 672 2909 se
694 2833 779 2933 ipse
800 2836 926 2910 iacere
950 2842 1125 2934 nequeat,
1144 2833 1185 2910 id
1211 2859 1283 2934 per
1298 2834 1396 2910 alios

159 2949 319 3025 idoneos
345 2950 451 3025 viros
480 2957 662 3051 praestet,
691 2949 866 3025 adhibito
896 2950 1015 3026 etiam
1045 2976 1117 3050 pro
1147 2951 1396 3026 Sacramenta

159 3065 473 3141 Confirmationis
497 3067 661 3165 alicujus
683 3066 787 3141 inter
802 3065 1008 3141 viciniores
1025 3067 1239 3166 Episcopos
1262 3066 1395 3141 minis·

158 3182 269 3257 taric.
323 3181 454 3272 Quum
476 3208 581 3275 vero,
598 3182 702 3258 inter
724 3190 861 3276 cetera,
885 3181 928 3258 in
951 3182 1208 3282 temporalem
1232 3182 1395 3257 Ecclesi-

160 3323 272 3373 arum
291 3298 669 3374 administrationem
687 3306 863 3374 accurate
880 3297 1077 3397 inquirere
1093 3298 1255 3373 maximi
1277 3298 1395 3374 inter·

160 3414 222 3507 sit,
249 3413 283 3488 si
311 3412 395 3489 fieri
421 3421 551 3513 potest
576 3440 707 3490 secum
735 3416 851 3490 ducat
879 3417 976 3490 duos
1003 3414 1306 3509 convisitatores‚
1333 3416 1396 3490 vel

161 3531 300 3605 saltem
335 3555 469 3623 unum,
500 3531 647 3630 hosque
680 3529 801 3630 eligat
833 3556 881 3606 ex
914 3529 1261 3630 praestantioribus
1294 3530 1397 3607 inter

161 3648 418 3745 presbyteros,
436 3653 476 3721 et
492 3645 722 3746 praesertim
746 3672 794 3722 ex
816 3647 865 3721 iis
882 3646 949 3745 qui
972 3646 1015 3721 in
1038 3645 1150 3721 bonis
1172 3647 1395 3746 temporali·

161 3762 234 3837 bus
276 3760 472 3838 Ecclesiae
514 3761 835 3838 administrandis
878 3762 1038 3837 scientia
1079 3769 1119 3837 et
1160 3762 1397 3862 experientia

161 3878 348 3953 excellere
376 3887 599 3955 noscuntur.
652 3879 701 3954 In
731 3879 956 3954 visitatione
985 3880 1216 3978 peragenda,
1243 3888 1397 3978 praeter

161 3992 423 4070 caeremonias
448 3994 719 4095 praescriptas,
745 4003 950 4070 serventur
974 4020 1074 4093 quae
1103 3994 1144 4068 in
1169 3994 1261 4092 jure
1285 4020 1395 4093 prae·

161 4110 371 4208 cipiuntur.
428 4110 547 4210 (Vide
574 4111 865 4186 Caeremoniale
894 4110 1134 4185 Baltimorae
1164 4135 1269 4185 anno
1298 4112 1397 4187 1883

162 4226 339 4324 editum.)
395 4224 533 4326 Neque
558 4226 715 4302 omittat
740 4226 957 4325 Episcopus
986 4250 1081 4325 prae
1105 4225 1227 4300 oculis
1254 4226 1397 4301 habere

162 4340 337 4438 quaesita
360 4368 384 4417 a
406 4342 444 4417 S.
464 4341 770 4441 Congregatione
793 4341 1003 4440 proposita,
1021 4366 1097 4441 quo
1121 4341 1396 4416 accuratiorem

244 4637 335 4695 ¹vide
345 4641 376 4694 in
386 4641 536 4710 Appendice‚
547 4658 574 4709 p.
587 4644 645 4696 197.
678 4642 697 4695 J
699 4653 865 4698 uramentum
877 4646 995 4714 episcopi
1007 4647 1036 4699 in
1047 4664 1166 4714 consecr,
1179 4648 1215 4701 ib.
1225 4667 1252 4716 p.
1263 4651 1321 4703 202.
