3142 5242
167 418 230 482 218
661 434 906 481 nr’rexnrx.

165 590 241 657 darn
278 590 467 656 missionum
504 589 582 655 locis
618 613 733 677 parurn
770 588 947 656 fructuosas
982 590 1026 656 ob
1053 592 1217 679 exiguum
1255 588 1404 656 sodalium

166 718 336 760 numerum
358 694 494 777 futuras,
516 695 638 759 cunctis
665 703 699 759 et
725 694 863 781 singulis
887 694 957 759 illio
981 716 1114 759 munere
1137 692 1405 781 perfungentibue

65 854 68 861 .
166 799 346 885 imperavit,
362 808 400 863 ut
417 797 506 865 Cleri
525 798 737 864 conventibus
756 799 950 865 interessent.
993 796 1096 864 Hisne
1114 798 1222 885 igitur
1235 796 1403 863 rationibus

165 902 301 989 permoti
329 901 536 984 declaramus,
559 924 669 968 omma
695 902 882 968 missionum
907 912 1042 968 rectores
1066 900 1158 968 Cleri
1183 898 1402 969 collationibus

165 1006 272 1072 adesse
300 1030 342 1071 cx
371 1006 475 1072 officio
499 1005 623 1089 debere,
645 1005 806 1093 simulque
833 1005 1033 1071 decernimus
1059 1028 1099 1071 ao
1127 1004 1346 1093 praecipimus
1369 1014 1402 1065 ut

165 1110 278 1176 iisdem
307 1111 458 1176 intersint
482 1110 594 1176 vicarii
623 1132 761 1197 quoque,
786 1108 908 1197 aliique
935 1109 1076 1197 religiosi
1103 1109 1169 1176 viri
1199 1105 1402 1174 missionariis

165 1213 371 1280 faculatibus
392 1213 521 1279 concedi
539 1214 644 1279 solitis
665 1214 822 1295 instructi,
837 1214 894 1301 qui
916 1212 1064 1301 hospitia,
1079 1234 1266 1300 lanasque
1285 1209 1402 1285 missio·

165 1340 244 1382 num
258 1318 371 1383 donros
385 1317 539 1383 incolunt.

209 1421 261 1488 De
274 1421 380 1487 officio
393 1422 604 1488 conveniendi
621 1422 663 1488 ad
680 1421 848 1507 Synodum
862 1421 1028 1509 explorata
1042 1421 1237 1487 Tridentino
1251 1419 1307 1485 lex
1320 1428 1367 1483 est
1377 1414 1400 1481 :¹

164 1528 186 1562 “
195 1526 319 1612 Synodi
334 1549 463 1613 quoque
476 1525 678 1591 dioecesanae
693 1527 869 1613 quotannis
888 1526 1096 1607 celebrentur,
1111 1523 1153 1589 ad
1168 1546 1253 1611 quas
1265 1520 1401 1607 exempti

164 1632 261 1695 etium
282 1638 403 1713 ornnoe,
418 1630 476 1717 qui
496 1629 588 1713 alias,
605 1640 745 1695 cessante
764 1631 980 1717 exemptione,
998 1629 1149 1694 interesse
1168 1628 1337 1708 deberent,
1351 1646 1404 1689 nae

163 1734 315 1822 capitulis
335 1733 538 1821 generalibus
558 1733 751 1817 subduntur,
767 1734 913 1799 accedere
932 1742 1092 1799 tenentur.
1137 1730 1281 1797 Ratione
1300 1740 1403 1795 autem

164 1837 397 1925 parochialium
411 1848 469 1904 aut
482 1838 620 1903 aliarum
640 1837 852 1903 saecularium
865 1837 1069 1904 ecelesiarum
1083 1836 1181 1902 etiarn
1195 1835 1403 1911 adnexarum,

163 1942 280 2007 debent
294 1941 319 2005 ii
330 1942 387 2029 qui
402 1941 533 2007 illarum
548 1964 657 2006 euram
671 1950 797 2029 gerunt,
809 1942 1004 2029 quicumque
1017 1940 1069 2005 illi
1083 1940 1160 2021 sint,
1175 1938 1313 2024 Synodo
1327 1937 1404 2001 inte·

163 2043 277 2111 resse.''
322 2046 432 2126 Quam
456 2046 558 2133 legem
579 2045 704 2131 egregie
724 2044 902 2112 illustravit
918 2031 1112 2111 Benedictus
1125 2040 1250 2111 XIV.²
1293 2040 1405 2127 Neque

162 2173 240 2215 vero
254 2160 406 2237 putamus
416 2150 565 2235 cuiquam
580 2149 743 2236 negotium
756 2148 905 2215 facessere
918 2149 1081 2214 deeretum
1092 2144 1279 2212 Alexandri
1289 2142 1402 2213 VIII.

163 2272 207 2318 111
233 2254 338 2319 kalen.
367 2253 494 2339 Aprilis
518 2271 665 2319 nncxcu
687 2276 755 2340 quo
777 2262 918 2336 cavetur,
940 2262 979 2318 ut
1002 2251 1044 2318 ad
1068 2250 1231 2337 synodum
1256 2246 1406 2315 aeoedaut

163 2358 315 2441 abbates,
337 2356 498 2441 Rectores,
514 2357 681 2439 Praefecti,
702 2379 874 2444 omnesque
893 2356 1051 2421 antistites
1075 2354 1249 2419 domorum
1275 2350 1406 2438 religio-

162 2484 269 2527 sarum
280 2484 361 2547 quas
377 2461 583 2525 Innocentius
594 2460 641 2526 X.
655 2460 888 2547 Episcoporum
902 2459 1051 2547 potestati
1065 2457 1252 2524 subiecerat.
1290 2456 1406 2536 Quum

162 2566 249 2630 enim
279 2564 526 2631 Innocentianae
554 2564 805 2630 Constitutiones
825 2566 914 2631 viros
942 2562 1142 2650 apostolicos,
1163 2559 1222 2647 qui
1249 2561 1285 2624 in
1307 2558 1407 2624 saeris

163 2668 367 2733 missionibus
382 2679 560 2751 versantur,
575 2691 640 2732 non
661 2668 831 2755 attingant,
847 2667 939 2732 facile
961 2665 1162 2753 intelligitur,
1177 2686 1285 2751 neque
1297 2662 1406 2727 dane-

162 2782 232 2835 tum
255 2771 434 2836 Alexandri
449 2771 550 2839 VIII
572 2771 614 2836 ad
628 2794 691 2853 eos,
706 2771 747 2836 de
760 2772 878 2859 quibus
893 2772 989 2836 modo
1002 2768 1089 2856 apud
1110 2768 1182 2833 Nos
1195 2768 1316 2853 agitur,
1332 2787 1407 2851 per-

163 2876 272 2940 tinere.
304 2876 415 2954 Quare
426 2874 501 2939 huie
511 2875 677 2961 posteriori
689 2875 862 2960 questionis
873 2875 956 2960 parti
969 2874 1029 2938 hoc
1041 2866 1141 2936 unum
1152 2869 1405 2956 roepondemusa

162 2972 313 3043 strunlum
328 3001 394 3043 esse
407 2979 540 3043 decretis
554 2977 678 3063 Synodi
693 2978 910 3043 Tridentinae.

207 3082 361 3146 Proxima
375 3091 423 3147 est
436 3082 579 3169 quaestio
593 3104 674 3168 quae
684 3080 813 3167 respicit
822 3080 1067 3167 appellationem
1077 3080 1119 3145 ab
1130 3078 1405 3164 interpretatione,

162 3209 259 3273 quam
283 3186 434 3272 Episcopi
460 3185 629 3268 ediderint,
651 3184 848 3249 decretorum
877 3184 1090 3270 synodalium.
1136 3182 1288 3267 Namque
1318 3180 1406 3244 hisoe

161 3289 293 3353 decretis
311 3297 443 3375 parcant
460 3299 585 3375 oportet
598 3289 695 3353 etiam
708 3288 850 3376 religiosi
871 3288 994 3353 sodales
1016 3288 1051 3351 in
1073 3286 1114 3351 iis
1135 3307 1217 3372 quae
1234 3283 1277 3348 ad
1292 3305 1406 3347 curam

160 3392 341 3456 animarum
356 3401 388 3457 et
402 3402 670 3456 sacramentorum
683 3390 992 3455 administrationem
1006 3384 1212 3467 referuntur,³
1226 3387 1408 3472 ueterisque

161 3496 195 3559 in
212 3496 306 3560 rebus
328 3497 393 3560 “in
408 3495 527 3582 quibus
548 3518 600 3559 eos
622 3494 854 3580 Episcoporum
876 3492 1087 3559 iurisdictioni
1109 3491 1237 3555 subesse
1251 3489 1408 3553 <anonim

161 3600 361 3686 praecipiunt
391 3597 590 3663 instituta.''⁴
634 3597 783 3663 Profecto
810 3598 958 3662 dubitare
982 3619 1045 3661 non
1076 3595 1150 3659 lieet
1178 3594 1260 3680 quin
1290 3593 1336 3657 ab
1366 3593 1408 3656 iis

161 3702 476 3788 interpretationilms
490 3702 530 3766 ad
546 3701 661 3767 Sedem
682 3701 901 3787 Apostolieam
915 3698 1098 3787 provocatio
1112 3698 1173 3777 sit;
1197 3698 1217 3731 “
1227 3696 1407 3782 siquidem,

161 3806 289 3871 Gelasio
312 3805 356 3871 Ι.5
377 3815 409 3870 et
432 3805 566 3870 Nicolao
593 3804 637 3870 Ι.6
657 3804 847 3887 auctoribus,
870 3803 911 3868 ad
934 3803 1025 3867 illam
1049 3801 1090 3865 de
1114 3799 1261 3887 qualibet
1286 3799 1408 3863 mundi

161 3920 250 3995 parte
272 3932 405 3973 canones
426 3908 581 3994 appellari
603 3907 795 3989 voluerunt3
825 3907 866 3972 ab
881 3907 939 3972 illa
951 3916 1058 3971 autem
1072 3925 1164 3967 nemo
1178 3902 1222 3965 sit
1236 3902 1409 3988 appellare

161 4011 364 4097 permissus.'’
411 4013 519 4090 Quare
541 4011 637 4075 huius
658 4011 881 4096 appellationis
903 4005 1122 4075 tantuurmmlo
1141 4005 1193 4070 vis
1214 4016 1249 4069 et
1271 4004 1408 4069 effectus

160 4126 263 4201 potest
286 4116 320 4179 in
343 4114 577 4178 dubitationem
599 4114 724 4179 adduci.
770 4115 818 4177 At
839 4113 915 4177 haec
936 4111 1093 4175 dubitatio
1107 4107 1201 4171 facile
1216 4107 1363 4187 tollitur,
1379 4109 1408 4171 si

197 4304 202 4333 ¹
214 4303 279 4354 sss.
292 4303 323 4353 st
336 4320 391 4367 cap.
406 4304 429 4352 2.
441 4302 470 4351 de
482 4303 576 4367 rejomn
772 4299 889 4351 't'oneiL
900 4297 973 4351 Trid.
984 4314 1043 4348 sees.
1055 4298 1087 4346 25
1098 4311 1154 4359 cap.
1167 4294 1197 4343 ll
1211 4293 1244 4343 de
1255 4295 1363 4360 regular

194 4384 252 4436 'De
263 4385 354 4450 Spuod.
366 4385 439 4434 dioec.
453 4383 498 4434 lib.
511 4386 527 4433 3
538 4401 595 4448 cap.
608 4385 621 4433 1
636 4384 648 4447 Ξ
664 4384 703 4434 ll.
771 4383 781 4412 ⁴
792 4384 879 4433 Innoe.
891 4381 941 4433 IV.
952 4397 1008 4445 cap.
1020 4378 1034 4429 Ι
1045 4378 1075 4427 de
1085 4376 1196 4443 pria-dep.
1215 4373 1245 4425 iu
1259 4377 1285 4427 6.

195 4467 297 4532 ⁵Epist.
308 4468 323 4518 7
336 4468 370 4516 ud
381 4466 465 4532 Episc.
477 4465 591 4516 Darden.
602 4484 663 4517 ann.
675 4468 732 4517 495.
746 4466 819 4516 Tum.
833 4467 849 4515 2
860 4464 960 4514 collect.
972 4458 1116 4511 Ilarduini.

194 4548 296 4615 ‘Epist
308 4551 323 4600 8
335 4550 369 4599 ud
380 4547 489 4599 Micltucl
499 4546 614 4614 Imperat.
627 4548 700 4598 Tom.
714 4550 730 4598 5
741 4547 843 4599 collect.
854 4542 999 4596 Harrluini.
