3142 5242
614 457 669 503 nn
699 457 959 505 amariora.
1342 439 1403 502 241

169 637 253 678 anno
270 617 354 680 1828
370 613 411 679 ad
425 615 587 701 quendam
610 613 810 679 Praefectum
829 613 1052 700 Apostolicum
1075 614 1109 677 in
1125 612 1262 678 Antillis
1276 613 1406 678 Ameri-

168 741 230 783 cae.
277 719 362 783 Cum
376 719 463 783 enim
477 719 533 785 ille
547 718 635 784 haud
650 719 771 802 fideret,
786 741 878 805 posse
891 741 925 784 se
939 717 1115 805 tranquille
1128 717 1178 781 uti
1192 716 1351 800 facultate,
1366 717 1406 782 de

168 845 233 908 qua
246 823 364 908 agitur,
379 823 422 887 ob
435 845 549 909 graves
562 821 770 905 conditiones,
784 823 902 909 quibus
923 822 1163 909 constringitur,
1178 820 1405 907 imploraverat

169 926 377 1011 “ampliorem
389 925 572 1010 facultatem
592 949 615 990 α
635 926 713 991 Sede
726 925 907 1012 Apostolicu
927 927 1050 1013 copiam
1061 925 1207 1010 faciendi
1222 925 1406 1011 presbyteria

171 1078 179 1095 .
209 1079 217 1096 .
249 1078 258 1095 .
287 1037 323 1094 at
343 1030 450 1095 diebus
471 1031 632 1095 dominicis
652 1037 679 1094 et
693 1030 784 1114 scatia
804 1031 843 1095 de
858 1037 1023 1117 praecepto
1042 1031 1169 1094 mmaum
1189 1029 1238 1094 bia
1258 1028 1407 1094 celebrare

146 1142 159 1161 ⁸
165 1135 293 1219 possint,
319 1158 389 1198 cum
413 1135 450 1198 id
471 1136 602 1222 postulet
629 1135 790 1199 necessitas
813 1141 870 1199 atat
893 1135 1067 1221 spiritualia
1086 1134 1228 1221 fidetium
1257 1133 1405 1199 additaa.”

169 1238 269 1304 Facta
294 1239 392 1304 huius
417 1240 462 1303 rei
492 1238 646 1304 relatione
674 1237 708 1305 S.
735 1237 884 1303 Pontifici
914 1238 967 1304 die
994 1242 1037 1303 13
1062 1237 1198 1324 Aprilis,
1225 1237 1286 1304 hoc
1310 1237 1406 1304 modo

169 1364 356 1428 responsum
378 1354 444 1409 est:
475 1346 495 1379 “
509 1344 594 1408 Talis
614 1344 796 1408 eaistimctio
816 1349 858 1407 eet
879 1343 1001 1407 virtutis
1021 1349 1048 1407 et
1064 1343 1251 1429 prudentiae
1270 1349 1351 1427 tuac,
1372 1349 1406 1407 ut

168 1445 291 1512 SSmua.
307 1446 351 1512 D.
368 1447 412 1512 N.
426 1449 557 1529 iusserit,
572 1470 688 1510 manen
701 1447 849 1532 deponere
862 1453 889 1511 te
902 1447 1007 1511 debere
1020 1448 1202 1510 nimietatem
1215 1446 1324 1530 animi,
1339 1448 1407 1511 etei

168 1550 384 1614 existimaveris
396 1552 602 1615 necessarium
615 1574 685 1633 ease,
696 1549 893 1636 velfldelibua
905 1550 1086 1615 vebcnmter
1098 1551 1181 1633 titile,
1191 1557 1227 1614 ut
1239 1551 1407 1615 mccrdotea

168 1653 215 1718 bia
227 1655 353 1718 arabeum
373 1655 476 1718 eodem
487 1654 569 1738 sesto
583 1655 634 1718 die
652 1654 805 1736 cdebreat,
819 1654 987 1737 verboram,
1002 1654 1114 1740 quibua
1133 1654 1314 1740 reamptum
1334 1677 1406 1719 cmi-

168 1759 258 1821 tincri
277 1759 406 1840 caletur,
428 1760 531 1841 ripere
551 1759 727 1822 commoveri
751 1765 779 1822 te
798 1781 863 1822 mon
883 1757 998 1824 debere.
1043 1758 1236 1823 Prudentiae
1255 1759 1360 1844 itaque
1379 1766 1407 1824 et

169 1863 368 1926 cmmiemine
389 1862 434 1928 D.
457 1862 491 1928 Te
514 1863 667 1926 committit
688 1863 727 1925 de
746 1862 918 1942 necessitate
937 1862 1000 1927 ieta
1021 1869 1048 1926 et
1068 1885 1237 1927 musarum
1254 1864 1406 1947 pravitate

167 1967 314 2048 iudicare,
344 1973 435 2051 atquc
461 1966 497 2030 im
524 1966 566 2031 iis
592 1988 697 2030 rerum
725 1966 881 2030 adiunctis
906 1965 1091 2050 sacietatem
1120 1988 1182 2052 per
1208 1974 1406 2030 memoratum

168 2070 363 2155 Rescriptum
385 2070 506 2156 copiam
523 2069 668 2154 faciendi
688 2069 906 2153 aacmdotibm,
929 2076 965 2134 ut
986 2070 1111 2134 mmeom
1134 2070 1181 2133 bia
1204 2069 1355 2153 celebrent,
1379 2078 1405 2134 te

167 2173 287 2256 babere,
308 2174 466 2239 Sanctitas
485 2175 555 2239 Suu
576 2174 704 2258 benipne
724 2172 924 2239 declaravit.”

213 2280 265 2344 17.
288 2277 411 2342 Eadem
426 2277 537 2365 regula
553 2277 775 2342 committendi
796 2277 930 2343 arbitrio
950 2287 1008 2343 aut
1028 2277 1177 2343 charitati
1196 2278 1404 2364 Superiorum

168 2382 355 2447 missionum
374 2382 620 2468 applicationem
639 2381 836 2467 generalium
855 2382 1088 2467 principiorum
1108 2382 1254 2468 practicis
1270 2382 1404 2466 casibus,

165 2496 292 2552 servata
305 2509 433 2572 quoque
454 2496 512 2569 est,
526 2484 655 2572 quando
676 2485 712 2550 in
733 2486 822 2571 ipsis,
836 2492 934 2572 prout
954 2485 1205 2571 exponebantur,
1220 2508 1285 2550 non
1307 2509 1404 2572 appa-

166 2599 249 2655 reret
270 2614 309 2655 ea
330 2613 497 2654 causarum
518 2592 570 2656 vis
592 2598 625 2655 et
646 2590 789 2676 gravitas
812 2589 938 2676 (saltem
961 2589 989 2654 si
1012 2588 1072 2654 hae
1094 2612 1205 2654 causae
1228 2589 1406 2655 considera·

166 2705 277 2760 rentur
292 2695 325 2758 in
341 2717 375 2759 se
388 2703 420 2759 et
434 2694 469 2758 in
483 2692 662 2781 abstracto),
678 2716 776 2780 quam
790 2693 888 2759 huius
902 2693 1063 2758 facultatis
1076 2692 1237 2759 clausulae
1250 2694 1386 2781 exigunt
1394 2721 1404 2777 3

166 2798 253 2885 quod
267 2798 399 2886 quidem
413 2799 590 2881 confirmat,
606 2798 640 2862 in
655 2798 758 2863 causis
778 2796 1025 2879 considerandis,
1039 2819 1121 2883 quae
1135 2820 1231 2863 usum
1245 2797 1405 2863 facultatis
1434 2852 1439 2860 .

166 2902 329 2985 suadeant,
355 2925 505 2989 magnam
530 2903 687 2967 rationem
715 2900 894 2966 habendam
920 2923 987 2966 esse
1012 2902 1159 2966 omnium
1184 2901 1404 2968 conditionum

165 3015 329 3094 statusque
343 3005 497 3072 fidelium.
543 3005 654 3070 Huius
675 3006 722 3071 rei
742 3013 933 3092 argumento
953 3013 1001 3070 est
1017 3005 1179 3092 responsio
1193 3028 1214 3070 a
1227 3004 1261 3072 S.
1277 3005 1315 3073 O.
1330 3005 1405 3071 data

165 3133 250 3175 anno
281 3113 366 3176 1688
389 3110 656 3180 Vico-Praefecto
678 3110 846 3175 Missionis
871 3109 1101 3196 Tripolitanae.
1157 3109 1226 3174 Hie
1251 3109 1294 3175 ob
1318 3110 1404 3176 clau·

165 3215 251 3279 sulas
273 3215 413 3279 incertus
426 3214 613 3301 quaesierat,
628 3215 787 3278 “cuinam
808 3236 943 3278 numero
963 3235 1131 3279 servorum
1152 3222 1210 3279 ant
1230 3213 1404 3280 liberorum

165 3326 270 3405 posset
290 3318 428 3405 praecise
448 3318 605 3383 celebrare
626 3319 756 3382 missam
776 3317 958 3400 secundam,
973 3341 1076 3404 quum
1097 3304 1260 3383 interdum
1276 3318 1406 3385 daretur

165 3447 265 3506 (asna,
279 3431 317 3488 ut
331 3423 366 3487 in
380 3423 495 3489 balneo
516 3433 609 3487 extra
622 3421 783 3508 Tripolim
803 3431 982 3508 praesentes
1003 3422 1156 3487 sacrificio
1179 3445 1244 3487 non
1260 3422 1405 3490 adessent

165 3527 273 3612 plures
287 3550 385 3614 quam
399 3525 507 3592 decem
521 3536 579 3592 aut
592 3526 775 3612 quindecim
792 3526 878 3591 servi
900 3575 910 3593 .
934 3575 943 3592 .
966 3575 975 3592 .
997 3534 1030 3591 et
1042 3549 1086 3590 an
1100 3526 1134 3589 in
1148 3527 1403 3612 presbyterorum
1467 3546 1471 3553 ’

164 3631 304 3696 carentia
319 3654 377 3716 pro
399 3630 466 3695 illis
487 3629 564 3695 solis
585 3638 692 3717 posset
711 3630 863 3696 celebrari
884 3629 1023 3696 mcunda
1043 3630 1140 3694 missa
1154 3630 1267 3696 diebus
1282 3631 1403 3697 festis.''

166 3734 238 3800 Iam
254 3756 331 3802 vero
345 3735 426 3822 quin
441 3735 580 3799 obstaret
593 3734 745 3799 resolutio
758 3733 868 3799 eodem
882 3757 968 3799 anno
982 3732 1058 3798 data
1071 3757 1091 3799 a
1105 3733 1138 3798 S.
1151 3734 1404 3821 congregatione

165 3837 389 3926 Inquisitionis
410 3863 470 3926 pro
489 3838 588 3903 simili
608 3861 693 3921 casu,
708 3845 745 3903 nt
766 3847 912 3903 notatum
933 3846 981 3902 est
1001 3838 1148 3923 superius
1167 3839 1183 3915 §
1200 3841 1253 3921 13,
1268 3837 1301 3904 S.
1317 3839 1403 3905 Con-

164 3944 307 4031 grcgatio
331 3943 426 4008 Fidei
453 3942 683 4029 Propagandae
706 3943 886 4028 praeposita
910 3942 964 4006 die
989 3945 1019 4007 5.
1044 3941 1195 4007 Octobris
1220 3944 1402 4029 respondit:

165 4050 186 4083 ‘⁴
195 4048 403 4133 Relinquetur
417 4047 563 4111 charitati
576 4054 603 4111 et
616 4047 814 4111 cemcientiue
827 4046 868 4112 P.
887 4045 922 4112 V.
938 4043 1124 4130 Praefecti?
1155 4046 1270 4133 Neque
1284 4048 1402 4112 mirum

164 4174 229 4216 esse
242 4151 348 4234 debet,
362 4152 391 4216 si
405 4150 482 4216 haec
495 4150 529 4217 S.
545 4151 758 4237 Congregatio
771 4149 950 4236 benigniori
973 4150 1226 4236 interpretationi
1247 4149 1384 4216 indulsit
1392 4178 1401 4234 ;

165 4255 317 4342 agebatur
340 4257 427 4319 enim
451 4255 493 4320 de
517 4254 628 4338 servia,
651 4255 708 4341 qui
733 4253 777 4319 ob
801 4254 944 4340 ipsorum
969 4253 1185 4318 conditionem
1210 4255 1401 4341 peculiarem

166 4359 400 4446 indulgentiam
421 4354 632 4441 merebantur,
652 4380 755 4445 quum
776 4358 907 4421 unicum
929 4356 1063 4422 fortame
1084 4357 1234 4423 solatium
1255 4358 1302 4423 eis
1323 4368 1404 4424 esset

166 4486 206 4529 ss.
232 4463 346 4527 missae
369 4463 569 4528 sacrificium.
625 4461 728 4526 Aliud
752 4461 910 4526 eiusmodi
934 4460 1141 4548 benignitatis
1165 4473 1401 4548 argumentum,

165 4567 287 4631 ratione
301 4567 610 4631 circumstantiarum
624 4565 744 4648 habita,
758 4588 810 4630 an.
824 4568 909 4631 1860
924 4565 1143 4651 suppeditavit
1156 4563 1190 4632 S.
1207 4564 1401 4653 Inquisiti0;

1291 4780 1533 4912 ‚F
