<?xml version="1.0" encoding="UTF-8"?>
<!DOCTYPE html PUBLIC "-//W3C//DTD XHTML 1.0 Transitional//EN"
    "http://www.w3.org/TR/xhtml1/DTD/xhtml1-transitional.dtd">
<html xmlns="http://www.w3.org/1999/xhtml" xml:lang="en" lang="en">
 <head>
  <title>
</title>
<meta http-equiv="Content-Type" content="text/html;charset=utf-8" />
  <meta name='ocr-system' content='tesseract 3.04.00' />
  <meta name='ocr-capabilities' content='ocr_page ocr_carea ocr_par ocr_line ocrx_word'/>
</head>
<body>
  <div class='ocr_page' id='page_1' title='image "./actaetdecretaco00gibbgoog_0295.png"; bbox 0 0 3142 5242; ppageno 0'>
   <div class='ocr_carea' id='block_1_1' title="bbox 174 460 1286 524">
    <p class='ocr_par' dir='ltr' id='par_1_1' title="bbox 174 460 1286 524">
     <span class='ocr_line' id='line_1_1' title="bbox 174 460 1286 524; baseline 0 -2"><span class='ocrx_word' id='word_1_1' title='bbox 174 460 238 522; x_wconf 77' lang='grc'>178</span> <span class='ocrx_word' id='word_1_2' title='bbox 304 475 487 521; x_wconf 70' lang='lat' dir='ltr'>TITULYS</span> <span class='ocrx_word' id='word_1_3' title='bbox 512 476 555 522; x_wconf 83' lang='lat' dir='ltr'>X.</span> <span class='ocrx_word' id='word_1_4' title='bbox 562 476 667 522; x_wconf 74' lang='lat' dir='ltr'>—Dn</span> <span class='ocrx_word' id='word_1_5' title='bbox 692 476 884 523; x_wconf 75' lang='lat' dir='ltr'>sumens</span> <span class='ocrx_word' id='word_1_6' title='bbox 913 476 1286 524; x_wconf 68' lang='lat' dir='ltr'>Ecctssslas‘rmm.</span> 
     </span>
    </p>
   </div>
   <div class='ocr_carea' id='block_1_2' title="bbox 165 631 1412 2131">
    <p class='ocr_par' dir='ltr' id='par_1_2' title="bbox 165 631 1412 2131">
     <span class='ocr_line' id='line_1_2' title="bbox 222 631 1412 734; baseline -0.001 -26"><span class='ocrx_word' id='word_1_7' title='bbox 222 632 308 708; x_wconf 89' lang='lat'>310.</span> <span class='ocrx_word' id='word_1_8' title='bbox 335 632 447 707; x_wconf 82' lang='lat' dir='ltr'>Noto.</span> <span class='ocrx_word' id='word_1_9' title='bbox 492 631 652 707; x_wconf 80' lang='lat' dir='ltr'>Praeter</span> <span class='ocrx_word' id='word_1_10' title='bbox 669 632 773 708; x_wconf 89' lang='lat' dir='ltr'>hunc</span> <span class='ocrx_word' id='word_1_11' title='bbox 789 634 1033 708; x_wconf 89' lang='lat' dir='ltr'>modumt</span> <span class='ocrx_word' id='word_1_12' title='bbox 967 658 1013 709; x_wconf 80' lang='lat' dir='ltr'>ex</span> <span class='ocrx_word' id='word_1_13' title='bbox 1016 632 1320 732; x_wconf 84' lang='lat' dir='ltr'>trajudicialem,</span> <span class='ocrx_word' id='word_1_14' title='bbox 1337 658 1412 734; x_wconf 90' lang='lat' dir='ltr'>quo</span> 
     </span>
     <span class='ocr_line' id='line_1_3' title="bbox 172 746 1411 849; baseline 0.004 -29"><span class='ocrx_word' id='word_1_15' title='bbox 172 746 389 848; x_wconf 87' lang='lat' dir='ltr'><strong>Episcopus</strong></span> <span class='ocrx_word' id='word_1_16' title='bbox 427 747 663 824; x_wconf 91' lang='lat' dir='ltr'>clericum</span> <span class='ocrx_word' id='word_1_17' title='bbox 651 748 814 846; x_wconf 89' lang='lat' dir='ltr'>mquisit</span> <span class='ocrx_word' id='word_1_18' title='bbox 817 775 882 824; x_wconf 92' lang='lat' dir='ltr'>um</span> <span class='ocrx_word' id='word_1_19' title='bbox 924 758 1113 849; x_wconf 83' lang='lat' dir='ltr'>prcevont</span> <span class='ocrx_word' id='word_1_20' title='bbox 1115 749 1191 825; x_wconf 79' lang='lat' dir='ltr'>iris</span> <span class='ocrx_word' id='word_1_21' title='bbox 1223 749 1411 825; x_wconf 85' lang='lat' dir='ltr'>remediis</span> 
     </span>
     <span class='ocr_line' id='line_1_4' title="bbox 170 864 1409 964; baseline 0.002 -26"><span class='ocrx_word' id='word_1_22' title='bbox 170 864 362 963; x_wconf 81' lang='lat' dir='ltr'>corrigere</span> <span class='ocrx_word' id='word_1_23' title='bbox 388 873 424 939; x_wconf 89' lang='lat' dir='ltr'>st</span> <span class='ocrx_word' id='word_1_24' title='bbox 409 866 528 957; x_wconf 89' lang='lat' dir='ltr'>t,udet</span> <span class='ocrx_word' id='word_1_25' title='bbox 547 891 700 964; x_wconf 88' lang='lat' dir='ltr'>quoque</span> <span class='ocrx_word' id='word_1_26' title='bbox 726 867 776 940; x_wconf 87' lang='lat' dir='ltr'>ad</span> <span class='ocrx_word' id='word_1_27' title='bbox 802 891 1025 964; x_wconf 82' lang='lat' dir='ltr'>processum</span> <span class='ocrx_word' id='word_1_28' title='bbox 1045 864 1340 964; x_wconf 80' lang='lat' dir='ltr'>judicialem,</span> <span class='ocrx_word' id='word_1_29' title='bbox 1308 889 1342 940; x_wconf 83' lang='lat' dir='ltr'>sl</span> <span class='ocrx_word' id='word_1_30' title='bbox 1365 889 1409 941; x_wconf 87' lang='lat' dir='ltr'>eo</span> 
     </span>
     <span class='ocr_line' id='line_1_5' title="bbox 171 980 1405 1082; baseline 0 -27"><span class='ocrx_word' id='word_1_31' title='bbox 171 980 455 1055; x_wconf 81' lang='lat' dir='ltr'>deveniendum</span> <span class='ocrx_word' id='word_1_32' title='bbox 474 981 536 1074; x_wconf 89' lang='lat' dir='ltr'>sit,</span> <span class='ocrx_word' id='word_1_33' title='bbox 555 981 660 1056; x_wconf 89' lang='lat' dir='ltr'>viam</span> <span class='ocrx_word' id='word_1_34' title='bbox 679 981 755 1056; x_wconf 92' lang='lat' dir='ltr'>sibi</span> <span class='ocrx_word' id='word_1_35' title='bbox 771 982 922 1074; x_wconf 83' lang='lat' dir='ltr'>sternit,</span> <span class='ocrx_word' id='word_1_36' title='bbox 941 984 1080 1058; x_wconf 87' lang='lat' dir='ltr'>modus</span> <span class='ocrx_word' id='word_1_37' title='bbox 1100 982 1264 1082; x_wconf 87' lang='lat' dir='ltr'>quidum</span> <span class='ocrx_word' id='word_1_38' title='bbox 1282 988 1405 1058; x_wconf 83' lang='lat' dir='ltr'>extra·</span> 
     </span>
     <span class='ocr_line' id='line_1_6' title="bbox 165 1096 1407 1198; baseline 0.002 -28"><span class='ocrx_word' id='word_1_39' title='bbox 165 1096 365 1195; x_wconf 82' lang='lat' dir='ltr'>judicialis</span> <span class='ocrx_word' id='word_1_40' title='bbox 396 1100 446 1173; x_wconf 86' lang='lat' dir='ltr'>ad</span> <span class='ocrx_word' id='word_1_41' title='bbox 475 1098 649 1173; x_wconf 84' lang='lat' dir='ltr'>remedie</span> <span class='ocrx_word' id='word_1_42' title='bbox 677 1097 897 1197; x_wconf 87' lang='lat' dir='ltr'>repressiva</span> <span class='ocrx_word' id='word_1_43' title='bbox 925 1124 995 1174; x_wconf 90' lang='lat' dir='ltr'>seu</span> <span class='ocrx_word' id='word_1_44' title='bbox 1027 1124 1174 1198; x_wconf 83' lang='lat' dir='ltr'>poenes</span> <span class='ocrx_word' id='word_1_45' title='bbox 1207 1098 1407 1198; x_wconf 79' lang='lat' dir='ltr'>pertinens</span> 
     </span>
     <span class='ocr_line' id='line_1_7' title="bbox 169 1212 1405 1315; baseline 0.003 -27"><span class='ocrx_word' id='word_1_46' title='bbox 169 1212 211 1288; x_wconf 92' lang='lat' dir='ltr'>in</span> <span class='ocrx_word' id='word_1_47' title='bbox 230 1240 299 1290; x_wconf 91' lang='lat' dir='ltr'>suo</span> <span class='ocrx_word' id='word_1_48' title='bbox 320 1216 436 1313; x_wconf 92' lang='lat' dir='ltr'>pleno</span> <span class='ocrx_word' id='word_1_49' title='bbox 455 1215 588 1312; x_wconf 90' lang='lat' dir='ltr'>vigore</span> <span class='ocrx_word' id='word_1_50' title='bbox 613 1223 757 1306; x_wconf 86' lang='lat' dir='ltr'>manet,</span> <span class='ocrx_word' id='word_1_51' title='bbox 775 1215 857 1292; x_wconf 88' lang='lat' dir='ltr'>scil.</span> <span class='ocrx_word' id='word_1_52' title='bbox 874 1215 1092 1291; x_wconf 90' lang='lat' dir='ltr'>remedium</span> <span class='ocrx_word' id='word_1_53' title='bbox 1112 1215 1405 1315; x_wconf 84' lang='lat' dir='ltr'>extrajudiciale</span> 
     </span>
     <span class='ocr_line' id='line_1_8' title="bbox 169 1332 1403 1431; baseline 0.003 -26"><span class='ocrx_word' id='word_1_54' title='bbox 169 1356 215 1405; x_wconf 82' lang='lat' dir='ltr'>cc</span> <span class='ocrx_word' id='word_1_55' title='bbox 231 1332 433 1430; x_wconf 81' lang='lat' dir='ltr'>informata</span> <span class='ocrx_word' id='word_1_56' title='bbox 450 1335 666 1407; x_wconf 81' lang='lat' dir='ltr'>conscicntia</span> <span class='ocrx_word' id='word_1_57' title='bbox 678 1358 750 1431; x_wconf 92' lang='lat' dir='ltr'>pro</span> <span class='ocrx_word' id='word_1_58' title='bbox 764 1333 923 1408; x_wconf 89' lang='lat' dir='ltr'>occultis</span> <span class='ocrx_word' id='word_1_59' title='bbox 940 1333 1111 1408; x_wconf 81' lang='lat' dir='ltr'>reatibus</span> <span class='ocrx_word' id='word_1_60' title='bbox 1129 1359 1154 1409; x_wconf 85' lang='lat' dir='ltr'>a</span> <span class='ocrx_word' id='word_1_61' title='bbox 1169 1334 1287 1409; x_wconf 86' lang='lat' dir='ltr'>Conc.</span> <span class='ocrx_word' id='word_1_62' title='bbox 1301 1334 1403 1409; x_wconf 88' lang='lat' dir='ltr'>Trid.</span> 
     </span>
     <span class='ocr_line' id='line_1_9' title="bbox 174 1446 1403 1547; baseline 0.006 -27"><span class='ocrx_word' id='word_1_63' title='bbox 174 1446 286 1544; x_wconf 85' lang='lat' dir='ltr'>(Sess.</span> <span class='ocrx_word' id='word_1_64' title='bbox 305 1470 435 1540; x_wconf 70' lang='lat' dir='ltr'>xxm,</span> <span class='ocrx_word' id='word_1_65' title='bbox 454 1473 483 1523; x_wconf 93' lang='lat' dir='ltr'>c.</span> <span class='ocrx_word' id='word_1_66' title='bbox 505 1450 526 1521; x_wconf 93' lang='lat'>1</span> <span class='ocrx_word' id='word_1_67' title='bbox 545 1449 594 1524; x_wconf 89' lang='lat' dir='ltr'>de</span> <span class='ocrx_word' id='word_1_68' title='bbox 614 1449 714 1547; x_wconf 81' lang='lat' dir='ltr'>Res.)</span> <span class='ocrx_word' id='word_1_69' title='bbox 744 1449 1025 1524; x_wconf 78' lang='lat' dir='ltr'>constitutum,¹</span> <span class='ocrx_word' id='word_1_70' title='bbox 1074 1449 1403 1527; x_wconf 78' lang='lat' dir='ltr'>Animadvertaut</span> 
     </span>
     <span class='ocr_line' id='line_1_10' title="bbox 169 1563 1402 1666; baseline 0.006 -29"><span class='ocrx_word' id='word_1_71' title='bbox 169 1572 299 1638; x_wconf 86' lang='lat' dir='ltr'>autem</span> <span class='ocrx_word' id='word_1_72' title='bbox 327 1563 522 1664; x_wconf 80' lang='lat' dir='ltr'>Episcopi,</span> <span class='ocrx_word' id='word_1_73' title='bbox 548 1565 620 1639; x_wconf 89' lang='lat' dir='ltr'>hoc</span> <span class='ocrx_word' id='word_1_74' title='bbox 646 1591 723 1639; x_wconf 93' lang='lat' dir='ltr'>uno</span> <span class='ocrx_word' id='word_1_75' title='bbox 749 1590 841 1640; x_wconf 90' lang='lat' dir='ltr'>casu</span> <span class='ocrx_word' id='word_1_76' title='bbox 865 1573 1035 1664; x_wconf 84' lang='lat' dir='ltr'>excepte,</span> <span class='ocrx_word' id='word_1_77' title='bbox 1060 1566 1212 1641; x_wconf 83' lang='lat' dir='ltr'>nullam</span> <span class='ocrx_word' id='word_1_78' title='bbox 1238 1592 1402 1666; x_wconf 88' lang='lat' dir='ltr'>poenam</span> 
     </span>
     <span class='ocr_line' id='line_1_11' title="bbox 167 1678 1401 1784; baseline 0.007 -31"><span class='ocrx_word' id='word_1_79' title='bbox 167 1678 427 1778; x_wconf 87' lang='lat' dir='ltr'>repressivam</span> <span class='ocrx_word' id='word_1_80' title='bbox 445 1680 622 1756; x_wconf 81' lang='lat' dir='ltr'>adhiberi</span> <span class='ocrx_word' id='word_1_81' title='bbox 648 1682 798 1774; x_wconf 88' lang='lat' dir='ltr'>debere,</span> <span class='ocrx_word' id='word_1_82' title='bbox 817 1680 894 1757; x_wconf 89' lang='lat' dir='ltr'>nisi</span> <span class='ocrx_word' id='word_1_83' title='bbox 910 1681 1070 1781; x_wconf 88' lang='lat' dir='ltr'>praevio</span> <span class='ocrx_word' id='word_1_84' title='bbox 1095 1707 1281 1782; x_wconf 90' lang='lat' dir='ltr'>processu</span> <span class='ocrx_word' id='word_1_85' title='bbox 1299 1684 1401 1784; x_wconf 84' lang='lat' dir='ltr'>judi·</span> 
     </span>
     <span class='ocr_line' id='line_1_12' title="bbox 167 1795 1400 1898; baseline 0.006 -29"><span class='ocrx_word' id='word_1_86' title='bbox 167 1795 268 1889; x_wconf 86' lang='lat' dir='ltr'>ciali,</span> <span class='ocrx_word' id='word_1_87' title='bbox 295 1795 352 1870; x_wconf 91' lang='lat' dir='ltr'>ita</span> <span class='ocrx_word' id='word_1_88' title='bbox 383 1804 427 1872; x_wconf 92' lang='lat' dir='ltr'>ut</span> <span class='ocrx_word' id='word_1_89' title='bbox 455 1797 574 1872; x_wconf 83' lang='lat' dir='ltr'>etiam</span> <span class='ocrx_word' id='word_1_90' title='bbox 605 1797 646 1872; x_wconf 92' lang='lat' dir='ltr'>in</span> <span class='ocrx_word' id='word_1_91' title='bbox 672 1797 810 1891; x_wconf 87' lang='lat' dir='ltr'>causis,</span> <span class='ocrx_word' id='word_1_92' title='bbox 837 1823 938 1898; x_wconf 85' lang='lat' dir='ltr'>quae</span> <span class='ocrx_word' id='word_1_93' title='bbox 966 1798 1150 1875; x_wconf 83' lang='lat' dir='ltr'>dicuntur</span> <span class='ocrx_word' id='word_1_94' title='bbox 1178 1824 1225 1875; x_wconf 73' lang='lat' dir='ltr'>ec</span> <span class='ocrx_word' id='word_1_95' title='bbox 1252 1805 1400 1892; x_wconf 79' lang='lat' dir='ltr'>notorio,</span> 
     </span>
     <span class='ocr_line' id='line_1_13' title="bbox 167 1912 1401 2013; baseline 0.006 -28"><span class='ocrx_word' id='word_1_96' title='bbox 167 1912 327 1986; x_wconf 89' lang='lat' dir='ltr'>omnino</span> <span class='ocrx_word' id='word_1_97' title='bbox 345 1914 559 1989; x_wconf 85' lang='lat' dir='ltr'>consultius</span> <span class='ocrx_word' id='word_1_98' title='bbox 585 1916 638 1989; x_wconf 90' lang='lat' dir='ltr'>sit</span> <span class='ocrx_word' id='word_1_99' title='bbox 663 1940 887 2013; x_wconf 85' lang='lat' dir='ltr'>processum</span> <span class='ocrx_word' id='word_1_100' title='bbox 912 1914 1172 1991; x_wconf 80' lang='lat' dir='ltr'>summarium</span> <span class='ocrx_word' id='word_1_101' title='bbox 1197 1916 1249 1993; x_wconf 89' lang='lat' dir='ltr'>de</span> <span class='ocrx_word' id='word_1_102' title='bbox 1272 1917 1401 1993; x_wconf 81' lang='lat' dir='ltr'>delicti</span> 
     </span>
     <span class='ocr_line' id='line_1_14' title="bbox 168 2028 1214 2131; baseline 0.007 -29"><span class='ocrx_word' id='word_1_103' title='bbox 168 2028 397 2104; x_wconf 84' lang='lat' dir='ltr'>notorietcte</span> <span class='ocrx_word' id='word_1_104' title='bbox 414 2029 618 2123; x_wconf 88' lang='lat' dir='ltr'>instruere,</span> <span class='ocrx_word' id='word_1_105' title='bbox 637 2038 843 2130; x_wconf 85' lang='lat' dir='ltr'>antequam</span> <span class='ocrx_word' id='word_1_106' title='bbox 863 2057 989 2129; x_wconf 90' lang='lat' dir='ltr'>poena</span> <span class='ocrx_word' id='word_1_107' title='bbox 1004 2029 1214 2131; x_wconf 85' lang='lat' dir='ltr'>infligatur.</span> 
     </span>
    </p>
   </div>
   <div class='ocr_carea' id='block_1_3' title="bbox 528 2233 1046 2327">
    <p class='ocr_par' dir='ltr' id='par_1_3' title="bbox 528 2233 1046 2327">
     <span class='ocr_line' id='line_1_15' title="bbox 528 2233 1046 2327; baseline 0.01 -22"><span class='ocrx_word' id='word_1_108' title='bbox 528 2234 600 2327; x_wconf 66' lang='lat'>§2</span> <span class='ocrx_word' id='word_1_109' title='bbox 636 2233 694 2307; x_wconf 86' lang='lat' dir='ltr'>De</span> <span class='ocrx_word' id='word_1_110' title='bbox 719 2234 831 2308; x_wconf 86' lang='lat' dir='ltr'>Modo</span> <span class='ocrx_word' id='word_1_111' title='bbox 858 2233 1046 2310; x_wconf 78' lang='lat' dir='ltr'>Judc&#39;cr‘cli.</span> 
     </span>
    </p>
   </div>
   <div class='ocr_carea' id='block_1_4' title="bbox 160 2397 1403 4596">
    <p class='ocr_par' dir='ltr' id='par_1_4' title="bbox 164 2397 1402 2849">
     <span class='ocr_line' id='line_1_16' title="bbox 216 2397 1402 2498; baseline 0.005 -24"><span class='ocrx_word' id='word_1_112' title='bbox 216 2399 300 2474; x_wconf 87' lang='grc'>311.</span> <span class='ocrx_word' id='word_1_113' title='bbox 328 2398 557 2474; x_wconf 88' lang='lat' dir='ltr'>Processum</span> <span class='ocrx_word' id='word_1_114' title='bbox 574 2397 802 2497; x_wconf 89' lang='lat' dir='ltr'>judicialem</span> <span class='ocrx_word' id='word_1_115' title='bbox 821 2398 1039 2498; x_wconf 86' lang='lat' dir='ltr'>Episcopus</span> <span class='ocrx_word' id='word_1_116' title='bbox 1061 2400 1257 2479; x_wconf 88' lang='lat' dir='ltr'>instruere</span> <span class='ocrx_word' id='word_1_117' title='bbox 1278 2403 1402 2496; x_wconf 86' lang='lat' dir='ltr'>debet,</span> 
     </span>
     <span class='ocr_line' id='line_1_17' title="bbox 164 2513 1402 2614; baseline 0.005 -26"><span class='ocrx_word' id='word_1_118' title='bbox 164 2514 228 2589; x_wconf 85' lang='lat' dir='ltr'>vel</span> <span class='ocrx_word' id='word_1_119' title='bbox 253 2515 302 2589; x_wconf 92' lang='lat' dir='ltr'>ob</span> <span class='ocrx_word' id='word_1_120' title='bbox 325 2513 655 2589; x_wconf 85' lang='lat' dir='ltr'>inobservantiam</span> <span class='ocrx_word' id='word_1_121' title='bbox 678 2515 886 2614; x_wconf 85' lang='lat' dir='ltr'>praecepti,</span> <span class='ocrx_word' id='word_1_122' title='bbox 904 2516 966 2591; x_wconf 87' lang='lat' dir='ltr'>vel</span> <span class='ocrx_word' id='word_1_123' title='bbox 992 2517 1043 2592; x_wconf 93' lang='lat' dir='ltr'>ob</span> <span class='ocrx_word' id='word_1_124' title='bbox 1067 2542 1297 2594; x_wconf 89' lang='lat' dir='ltr'>communes</span> <span class='ocrx_word' id='word_1_125' title='bbox 1320 2544 1402 2594; x_wconf 86' lang='lat' dir='ltr'>rea·</span> 
     </span>
     <span class='ocr_line' id='line_1_18' title="bbox 164 2630 1402 2731; baseline 0.005 -27"><span class='ocrx_word' id='word_1_126' title='bbox 164 2637 240 2722; x_wconf 88' lang='lat' dir='ltr'>tus,</span> <span class='ocrx_word' id='word_1_127' title='bbox 258 2631 321 2705; x_wconf 84' lang='lat' dir='ltr'>vel</span> <span class='ocrx_word' id='word_1_128' title='bbox 339 2631 389 2705; x_wconf 94' lang='lat' dir='ltr'>ob</span> <span class='ocrx_word' id='word_1_129' title='bbox 406 2630 749 2706; x_wconf 87' lang='lat' dir='ltr'>ecclesiasticarum</span> <span class='ocrx_word' id='word_1_130' title='bbox 767 2632 899 2731; x_wconf 91' lang='lat' dir='ltr'>legum</span> <span class='ocrx_word' id='word_1_131' title='bbox 916 2632 1279 2731; x_wconf 79' lang='lat' dir='ltr'>transgressionem,</span> <span class='ocrx_word' id='word_1_132' title='bbox 1297 2659 1402 2710; x_wconf 90' lang='lat' dir='ltr'>eum·</span> 
     </span>
     <span class='ocr_line' id='line_1_19' title="bbox 165 2747 1240 2849; baseline 0.007 -30"><span class='ocrx_word' id='word_1_133' title='bbox 165 2771 239 2845; x_wconf 91' lang='lat' dir='ltr'>que</span> <span class='ocrx_word' id='word_1_134' title='bbox 266 2749 476 2821; x_wconf 91' lang='lat' dir='ltr'>summarie</span> <span class='ocrx_word' id='word_1_135' title='bbox 502 2754 541 2822; x_wconf 89' lang='lat' dir='ltr'>ct</span> <span class='ocrx_word' id='word_1_136' title='bbox 566 2747 650 2823; x_wconf 92' lang='lat' dir='ltr'>sinc</span> <span class='ocrx_word' id='word_1_137' title='bbox 675 2749 843 2846; x_wconf 86' lang='lat' dir='ltr'>strepitu</span> <span class='ocrx_word' id='word_1_138' title='bbox 866 2750 1052 2825; x_wconf 79' lang='lat' dir='ltr'>conficiet.</span> <span class='ocrx_word' id='word_1_139' title='bbox 1108 2752 1158 2849; x_wconf 88' lang='lat' dir='ltr'>(a.</span> <span class='ocrx_word' id='word_1_140' title='bbox 1180 2753 1240 2849; x_wconf 86' lang='lat' dir='ltr'>x.)</span> 
     </span>
    </p>

    <p class='ocr_par' dir='ltr' id='par_1_5' title="bbox 163 2863 1403 3546">
     <span class='ocr_line' id='line_1_20' title="bbox 216 2863 1402 2967; baseline 0.006 -31"><span class='ocrx_word' id='word_1_141' title='bbox 216 2863 456 2938; x_wconf 85' lang='lat' dir='ltr'>“Processus</span> <span class='ocrx_word' id='word_1_142' title='bbox 485 2890 532 2938; x_wconf 84' lang='lat' dir='ltr'>ex</span> <span class='ocrx_word' id='word_1_143' title='bbox 561 2865 682 2939; x_wconf 90' lang='lat' dir='ltr'>officio</span> <span class='ocrx_word' id='word_1_144' title='bbox 712 2864 931 2958; x_wconf 89' lang='lat' dir='ltr'>instruitur,</span> <span class='ocrx_word' id='word_1_145' title='bbox 959 2866 1021 2940; x_wconf 91' lang='lat' dir='ltr'>vel</span> <span class='ocrx_word' id='word_1_146' title='bbox 1049 2875 1205 2965; x_wconf 88' lang='lat' dir='ltr'>accepto</span> <span class='ocrx_word' id='word_1_147' title='bbox 1233 2869 1402 2967; x_wconf 91' lang='lat' dir='ltr'>supplici</span> 
     </span>
     <span class='ocr_line' id='line_1_21' title="bbox 164 2978 1403 3081; baseline 0.006 -28"><span class='ocrx_word' id='word_1_148' title='bbox 164 2978 297 3054; x_wconf 85' lang='lat' dir='ltr'>libello</span> <span class='ocrx_word' id='word_1_149' title='bbox 333 2980 394 3054; x_wconf 89' lang='lat' dir='ltr'>ve]</span> <span class='ocrx_word' id='word_1_150' title='bbox 438 2980 690 3073; x_wconf 81' lang='lat' dir='ltr'>accusatione,</span> <span class='ocrx_word' id='word_1_151' title='bbox 724 2980 788 3055; x_wconf 87' lang='lat' dir='ltr'>vel</span> <span class='ocrx_word' id='word_1_152' title='bbox 823 2981 964 3056; x_wconf 92' lang='lat' dir='ltr'>nuncio</span> <span class='ocrx_word' id='word_1_153' title='bbox 997 3007 1152 3081; x_wconf 89' lang='lat' dir='ltr'>quoquo</span> <span class='ocrx_word' id='word_1_154' title='bbox 1191 2986 1310 3059; x_wconf 92' lang='lat' dir='ltr'>modo</span> <span class='ocrx_word' id='word_1_155' title='bbox 1352 2987 1403 3060; x_wconf 84' lang='lat' dir='ltr'>ad</span> 
     </span>
     <span class='ocr_line' id='line_1_22' title="bbox 164 3096 1402 3197; baseline 0.004 -26"><span class='ocrx_word' id='word_1_156' title='bbox 164 3096 313 3171; x_wconf 86' lang='lat' dir='ltr'>curiam</span> <span class='ocrx_word' id='word_1_157' title='bbox 348 3097 508 3195; x_wconf 85' lang='lat' dir='ltr'>perlato,</span> <span class='ocrx_word' id='word_1_158' title='bbox 538 3104 578 3171; x_wconf 92' lang='lat' dir='ltr'>et</span> <span class='ocrx_word' id='word_1_159' title='bbox 611 3123 731 3196; x_wconf 87' lang='lat' dir='ltr'>usque</span> <span class='ocrx_word' id='word_1_160' title='bbox 766 3099 816 3172; x_wconf 89' lang='lat' dir='ltr'>ad</span> <span class='ocrx_word' id='word_1_161' title='bbox 850 3097 1062 3173; x_wconf 87' lang='lat' dir='ltr'>terminum</span> <span class='ocrx_word' id='word_1_162' title='bbox 1096 3099 1325 3197; x_wconf 89' lang='lat' dir='ltr'>perducitur</span> <span class='ocrx_word' id='word_1_163' title='bbox 1356 3127 1402 3176; x_wconf 90' lang='lat' dir='ltr'>eo</span> 
     </span>
     <span class='ocr_line' id='line_1_23' title="bbox 164 3213 1400 3316; baseline 0.005 -30"><span class='ocrx_word' id='word_1_164' title='bbox 164 3214 335 3304; x_wconf 89' lang='lat' dir='ltr'>consilio,</span> <span class='ocrx_word' id='word_1_165' title='bbox 356 3222 400 3288; x_wconf 90' lang='lat' dir='ltr'>ut</span> <span class='ocrx_word' id='word_1_166' title='bbox 424 3213 530 3288; x_wconf 89' lang='lat' dir='ltr'>omni</span> <span class='ocrx_word' id='word_1_167' title='bbox 557 3214 687 3288; x_wconf 87' lang='lat' dir='ltr'>studio</span> <span class='ocrx_word' id='word_1_168' title='bbox 713 3239 757 3289; x_wconf 87' lang='lat' dir='ltr'>ac</span> <span class='ocrx_word' id='word_1_169' title='bbox 783 3213 991 3312; x_wconf 88' lang='lat' dir='ltr'>prudentia</span> <span class='ocrx_word' id='word_1_170' title='bbox 1013 3214 1159 3290; x_wconf 83' lang='lat' dir='ltr'>veritas</span> <span class='ocrx_word' id='word_1_171' title='bbox 1184 3216 1400 3316; x_wconf 81' lang='lat' dir='ltr'>detegatur,</span> 
     </span>
     <span class='ocr_line' id='line_1_24' title="bbox 165 3328 1400 3423; baseline 0.004 -21"><span class='ocrx_word' id='word_1_172' title='bbox 165 3354 208 3402; x_wconf 88' lang='lat' dir='ltr'>ac</span> <span class='ocrx_word' id='word_1_173' title='bbox 225 3337 309 3403; x_wconf 90' lang='lat' dir='ltr'>tum</span> <span class='ocrx_word' id='word_1_174' title='bbox 328 3332 376 3405; x_wconf 92' lang='lat' dir='ltr'>de</span> <span class='ocrx_word' id='word_1_175' title='bbox 393 3330 564 3423; x_wconf 90' lang='lat' dir='ltr'>crimine,</span> <span class='ocrx_word' id='word_1_176' title='bbox 583 3337 669 3404; x_wconf 89' lang='lat' dir='ltr'>tum</span> <span class='ocrx_word' id='word_1_177' title='bbox 687 3332 735 3405; x_wconf 91' lang='lat' dir='ltr'>de</span> <span class='ocrx_word' id='word_1_178' title='bbox 752 3330 891 3404; x_wconf 85' lang='lat' dir='ltr'>reitate</span> <span class='ocrx_word' id='word_1_179' title='bbox 908 3330 970 3404; x_wconf 86' lang='lat' dir='ltr'>vel</span> <span class='ocrx_word' id='word_1_180' title='bbox 994 3328 1215 3406; x_wconf 83' lang='lat' dir='ltr'>innocentia</span> <span class='ocrx_word' id='word_1_181' title='bbox 1233 3334 1400 3409; x_wconf 84' lang='lat' dir='ltr'>accusati</span> 
     </span>
     <span class='ocr_line' id='line_1_25' title="bbox 163 3447 721 3546; baseline 0.002 -26"><span class='ocrx_word' id='word_1_182' title='bbox 163 3471 279 3520; x_wconf 86' lang='lat' dir='ltr'>causa</span> <span class='ocrx_word' id='word_1_183' title='bbox 296 3447 522 3544; x_wconf 82' lang='lat' dir='ltr'>eliquetur.&#39;’</span> <span class='ocrx_word' id='word_1_184' title='bbox 580 3448 629 3546; x_wconf 87' lang='lat' dir='ltr'>(a.</span> <span class='ocrx_word' id='word_1_185' title='bbox 647 3450 721 3543; x_wconf 78' lang='lat' dir='ltr'>xr.)</span> 
     </span>
    </p>

    <p class='ocr_par' dir='ltr' id='par_1_6' title="bbox 163 3563 1398 3896">
     <span class='ocr_line' id='line_1_26' title="bbox 215 3563 1398 3665; baseline 0.005 -29"><span class='ocrx_word' id='word_1_186' title='bbox 215 3563 342 3637; x_wconf 84' lang='lat' dir='ltr'>Instat</span> <span class='ocrx_word' id='word_1_187' title='bbox 371 3563 492 3661; x_wconf 89' lang='lat' dir='ltr'>igitur</span> <span class='ocrx_word' id='word_1_188' title='bbox 518 3573 745 3662; x_wconf 90' lang='lat' dir='ltr'>procurator</span> <span class='ocrx_word' id='word_1_189' title='bbox 771 3565 922 3657; x_wconf 87' lang='lat' dir='ltr'>fiscalis,</span> <span class='ocrx_word' id='word_1_190' title='bbox 952 3573 993 3641; x_wconf 84' lang='lat' dir='ltr'>ut</span> <span class='ocrx_word' id='word_1_191' title='bbox 1024 3590 1226 3665; x_wconf 87' lang='lat' dir='ltr'>processus</span> <span class='ocrx_word' id='word_1_192' title='bbox 1257 3567 1398 3642; x_wconf 86' lang='lat' dir='ltr'>instru-</span> 
     </span>
     <span class='ocr_line' id='line_1_27' title="bbox 163 3680 1397 3779; baseline 0.002 -26"><span class='ocrx_word' id='word_1_193' title='bbox 163 3687 274 3772; x_wconf 88' lang='lat' dir='ltr'>atur;</span> <span class='ocrx_word' id='word_1_194' title='bbox 319 3680 535 3778; x_wconf 87' lang='lat' dir='ltr'>Episcopus</span> <span class='ocrx_word' id='word_1_195' title='bbox 578 3690 708 3756; x_wconf 89' lang='lat' dir='ltr'>autem</span> <span class='ocrx_word' id='word_1_196' title='bbox 742 3683 811 3756; x_wconf 87' lang='lat' dir='ltr'>dat</span> <span class='ocrx_word' id='word_1_197' title='bbox 851 3680 927 3779; x_wconf 90' lang='lat' dir='ltr'>ipsi</span> <span class='ocrx_word' id='word_1_198' title='bbox 970 3682 1199 3755; x_wconf 89' lang='lat' dir='ltr'>mandatum</span> <span class='ocrx_word' id='word_1_199' title='bbox 1242 3707 1397 3757; x_wconf 82' lang='lat' dir='ltr'>causam</span> 
     </span>
     <span class='ocr_line' id='line_1_28' title="bbox 163 3796 909 3896; baseline 0.004 -26"><span class='ocrx_word' id='word_1_200' title='bbox 163 3796 303 3894; x_wconf 86' lang='lat' dir='ltr'>agendi</span> <span class='ocrx_word' id='word_1_201' title='bbox 329 3807 369 3871; x_wconf 93' lang='lat' dir='ltr'>et</span> <span class='ocrx_word' id='word_1_202' title='bbox 394 3823 614 3895; x_wconf 89' lang='lat' dir='ltr'>processum</span> <span class='ocrx_word' id='word_1_203' title='bbox 642 3798 909 3896; x_wconf 76' lang='lat' dir='ltr'>promovendi.</span> 
     </span>
    </p>

    <p class='ocr_par' dir='ltr' id='par_1_7' title="bbox 160 3914 1398 4362">
     <span class='ocr_line' id='line_1_29' title="bbox 212 3914 1392 4013; baseline 0.005 -28"><span class='ocrx_word' id='word_1_204' title='bbox 212 3914 446 4010; x_wconf 65' lang='lat' dir='ltr'>Cor&#39;npilatio</span> <span class='ocrx_word' id='word_1_205' title='bbox 490 3939 691 4012; x_wconf 87' lang='lat' dir='ltr'>processus</span> <span class='ocrx_word' id='word_1_206' title='bbox 734 3916 818 4013; x_wconf 89' lang='lat' dir='ltr'>(seu</span> <span class='ocrx_word' id='word_1_207' title='bbox 860 3940 1061 4013; x_wconf 89' lang='lat' dir='ltr'>processus</span> <span class='ocrx_word' id='word_1_208' title='bbox 1102 3915 1392 4011; x_wconf 82' lang='lat' dir='ltr'>irrformatirus)</span> 
     </span>
     <span class='ocr_line' id='line_1_30' title="bbox 160 4029 1396 4128; baseline 0.003 -25"><span class='ocrx_word' id='word_1_209' title='bbox 160 4030 352 4104; x_wconf 84' lang='lat' dir='ltr'>committi</span> <span class='ocrx_word' id='word_1_210' title='bbox 370 4038 498 4128; x_wconf 87' lang='lat' dir='ltr'>potest</span> <span class='ocrx_word' id='word_1_211' title='bbox 515 4032 635 4128; x_wconf 89' lang='lat' dir='ltr'>probo</span> <span class='ocrx_word' id='word_1_212' title='bbox 662 4055 706 4105; x_wconf 86' lang='lat' dir='ltr'>ac</span> <span class='ocrx_word' id='word_1_213' title='bbox 732 4031 856 4128; x_wconf 85' lang='lat' dir='ltr'>perito</span> <span class='ocrx_word' id='word_1_214' title='bbox 876 4031 959 4105; x_wconf 89' lang='lat' dir='ltr'>viro</span> <span class='ocrx_word' id='word_1_215' title='bbox 979 4029 1235 4105; x_wconf 84' lang='lat' dir='ltr'>ecclesiastico</span> <span class='ocrx_word' id='word_1_216' title='bbox 1258 4035 1396 4127; x_wconf 78' lang='lat' dir='ltr'>(Audi-</span> 
     </span>
     <span class='ocr_line' id='line_1_31' title="bbox 161 4144 1398 4246; baseline 0.003 -28"><span class='ocrx_word' id='word_1_217' title='bbox 161 4144 250 4237; x_wconf 88' lang='lat' dir='ltr'>tori,</span> <span class='ocrx_word' id='word_1_218' title='bbox 276 4148 466 4220; x_wconf 90' lang='lat' dir='ltr'>Actorum</span> <span class='ocrx_word' id='word_1_219' title='bbox 495 4146 732 4245; x_wconf 82' lang='lat' dir='ltr'>Redactori),</span> <span class='ocrx_word' id='word_1_220' title='bbox 750 4147 811 4220; x_wconf 91' lang='lat' dir='ltr'>cui</span> <span class='ocrx_word' id='word_1_221' title='bbox 838 4147 994 4221; x_wconf 87' lang='lat' dir='ltr'>assistat</span> <span class='ocrx_word' id='word_1_222' title='bbox 1020 4146 1224 4235; x_wconf 87' lang='lat' dir='ltr'>actuarius,</span> <span class='ocrx_word' id='word_1_223' title='bbox 1251 4148 1320 4246; x_wconf 87' lang='lat' dir='ltr'>qui</span> <span class='ocrx_word' id='word_1_224' title='bbox 1346 4150 1398 4222; x_wconf 85' lang='lat' dir='ltr'>sit</span> 
     </span>
     <span class='ocr_line' id='line_1_32' title="bbox 160 4261 882 4362; baseline 0.001 -26"><span class='ocrx_word' id='word_1_225' title='bbox 160 4262 413 4336; x_wconf 88' lang='lat' dir='ltr'>cancellarius</span> <span class='ocrx_word' id='word_1_226' title='bbox 439 4261 665 4338; x_wconf 88' lang='lat' dir='ltr'>dioeceseos.</span> <span class='ocrx_word' id='word_1_227' title='bbox 723 4266 768 4361; x_wconf 83' lang='lat' dir='ltr'>(a.</span> <span class='ocrx_word' id='word_1_228' title='bbox 790 4270 882 4362; x_wconf 69' lang='grc' dir='ltr'><strong>ΧΠ.)</strong></span> 
     </span>
    </p>

    <p class='ocr_par' dir='ltr' id='par_1_8' title="bbox 160 4378 1396 4596">
     <span class='ocr_line' id='line_1_33' title="bbox 210 4378 1395 4480; baseline 0.004 -28"><span class='ocrx_word' id='word_1_229' title='bbox 210 4378 251 4454; x_wconf 84' lang='lat' dir='ltr'>Si</span> <span class='ocrx_word' id='word_1_230' title='bbox 269 4403 385 4454; x_wconf 86' lang='lat' dir='ltr'>causa</span> <span class='ocrx_word' id='word_1_231' title='bbox 402 4379 531 4476; x_wconf 82' lang='lat' dir='ltr'>agitur</span> <span class='ocrx_word' id='word_1_232' title='bbox 548 4380 596 4453; x_wconf 91' lang='lat' dir='ltr'>de</span> <span class='ocrx_word' id='word_1_233' title='bbox 613 4379 784 4454; x_wconf 83' lang='lat' dir='ltr'>reatibus</span> <span class='ocrx_word' id='word_1_234' title='bbox 801 4380 1083 4474; x_wconf 90' lang='lat' dir='ltr'>communibus,</span> <span class='ocrx_word' id='word_1_235' title='bbox 1101 4387 1170 4456; x_wconf 84' lang='lat' dir='ltr'>aut</span> <span class='ocrx_word' id='word_1_236' title='bbox 1192 4383 1241 4457; x_wconf 89' lang='lat' dir='ltr'>de</span> <span class='ocrx_word' id='word_1_237' title='bbox 1263 4382 1395 4480; x_wconf 83' lang='lat' dir='ltr'>legum</span> 
     </span>
     <span class='ocr_line' id='line_1_34' title="bbox 160 4494 1396 4596; baseline 0.004 -27"><span class='ocrx_word' id='word_1_238' title='bbox 160 4494 503 4570; x_wconf 85' lang='lat' dir='ltr'>ecclesiasticarum</span> <span class='ocrx_word' id='word_1_239' title='bbox 526 4497 842 4593; x_wconf 81' lang='lat' dir='ltr'>transgressione,</span> <span class='ocrx_word' id='word_1_240' title='bbox 860 4499 1158 4572; x_wconf 84' lang='lat' dir='ltr'>fundumentum</span> <span class='ocrx_word' id='word_1_241' title='bbox 1179 4523 1396 4596; x_wconf 87' lang='lat' dir='ltr'>processus,</span> 
     </span>
    </p>
   </div>
   <div class='ocr_carea' id='block_1_5' title="bbox 194 4661 900 4732">
    <p class='ocr_par' dir='ltr' id='par_1_9' title="bbox 194 4661 900 4732">
     <span class='ocr_line' id='line_1_35' title="bbox 194 4661 900 4732; baseline 0.006 -18"><span class='ocrx_word' id='word_1_242' title='bbox 194 4661 283 4716; x_wconf 87' lang='lat' dir='ltr'>¹Vide</span> <span class='ocrx_word' id='word_1_243' title='bbox 294 4662 373 4714; x_wconf 84' lang='lat' dir='ltr'>Instr.</span> <span class='ocrx_word' id='word_1_244' title='bbox 386 4664 411 4714; x_wconf 83' lang='lat' dir='ltr'>S.</span> <span class='ocrx_word' id='word_1_245' title='bbox 424 4663 452 4713; x_wconf 86' lang='lat' dir='ltr'>C.</span> <span class='ocrx_word' id='word_1_246' title='bbox 465 4662 498 4713; x_wconf 88' lang='lat' dir='ltr'>de</span> <span class='ocrx_word' id='word_1_247' title='bbox 510 4663 539 4714; x_wconf 88' lang='lat' dir='ltr'>P.</span> <span class='ocrx_word' id='word_1_248' title='bbox 553 4663 589 4727; x_wconf 81' lang='lat' dir='ltr'>F,</span> <span class='ocrx_word' id='word_1_249' title='bbox 603 4663 631 4714; x_wconf 90' lang='lat' dir='ltr'>in</span> <span class='ocrx_word' id='word_1_250' title='bbox 643 4663 793 4731; x_wconf 72' lang='lat' dir='ltr'>Appordiee,</span> <span class='ocrx_word' id='word_1_251' title='bbox 807 4683 830 4732; x_wconf 91' lang='lat' dir='ltr'>p.</span> <span class='ocrx_word' id='word_1_252' title='bbox 843 4667 900 4718; x_wconf 79' lang='lat'><strong>298.</strong></span> 
     </span>
    </p>
   </div>
   <div class='ocr_carea' id='block_1_6' title="bbox 0 0 1576 5242">
    <p class='ocr_par' dir='ltr' id='par_1_10' title="bbox 0 0 1576 5242">
     <span class='ocr_line' id='line_1_36' title="bbox 0 0 1576 5242; baseline 0 5"><span class='ocrx_word' id='word_1_253' title='bbox 0 0 1576 5242; x_wconf 95' lang='lat' dir='ltr'> </span> 
     </span>
    </p>
   </div>
  </div>
 </body>
</html>
