3142 5242
634 475 688 519 us
717 476 978 522 arnamoxs.
1036 513 1039 519 .
1346 456 1409 519 233

174 631 307 696 omnino
322 631 465 696 missioni
479 629 607 695 addicta
616 631 750 695 dicenda
763 643 849 713 sunt,
861 655 963 717 neque
978 631 1048 696 ullo
1062 639 1154 716 pacto
1169 629 1242 693 licet
1256 628 1409 693 sacerdoti

173 756 211 799 ea
225 733 287 798 sibi
302 734 475 801 vindicare.

218 837 329 904 XIII.
367 837 590 904 Communiter
619 840 715 905 etiam
744 841 947 922 censendum,
978 839 1040 905 nisi
1069 838 1265 903 contrarium
1294 847 1409 924 pateat,

168 943 267 1028 juxta
288 942 432 1030 regulam
457 943 490 1008 in
508 945 584 1029 jure
605 943 767 1026 traditam,
791 967 838 1027 ea,
860 966 942 1031 quae
964 943 1179 1008 ecclesiasticis
1202 942 1313 1007 usibus
1334 951 1410 1027 apta

173 1045 335 1112 donantur
348 1048 421 1114 viro
439 1047 649 1129 missionario,
663 1070 729 1112 esse
746 1047 890 1113 missioni
906 1046 1032 1113 donata
1079 1046 1129 1112 Ea
1145 1069 1223 1113 vero
1240 1068 1321 1133 quae
1336 1066 1409 1132 per-

172 1150 314 1215 sonalem
329 1150 448 1216 habent
465 1174 571 1233 usum,
585 1150 648 1237 ipsi
665 1151 739 1217 data
757 1160 954 1238 reputantur,
969 1151 1063 1216 sicuti
1077 1151 1174 1216 etiam
1188 1173 1238 1215 res
1252 1172 1366 1232 sacrae,
1380 1149 1408 1214 si

172 1277 317 1340 expresse
331 1254 434 1321 veluti
451 1255 536 1342 grati
552 1255 654 1320 animi
669 1255 721 1322 vel
739 1254 870 1321 affectus
886 1256 1005 1343 pignus
1019 1279 1038 1320 a
1052 1255 1295 1341 congregatione
1308 1275 1409 1319 sacer-

172 1357 241 1423 doti
255 1358 360 1424 cuivis
374 1358 544 1426 donantur.

216 1462 323 1530 XIV.
361 1462 546 1529 Honoraria
574 1463 742 1532 missarum
780 1464 822 1531 ad
850 1464 1019 1532 sacerdotis
1047 1464 1209 1550 peculium
1238 1462 1407 1549 pertinent.

172 1567 330 1632 Similiter
356 1567 412 1632 ubi
438 1569 527 1655 viget
552 1591 638 1651 usus,
661 1569 813 1657 antiquus
839 1568 968 1657 quidem
995 1569 1029 1632 in
1055 1567 1189 1655 Anglia,
1211 1566 1408 1653 temporibus

170 1671 366 1737 solemnibus
396 1671 535 1738 Paschae
571 1696 607 1738 ao
636 1672 827 1738 Nativitatis
857 1673 992 1739 Domini
1028 1671 1166 1759 singulis
1194 1669 1409 1737 sacerdotibus

171 1776 362 1841 munuscula
387 1777 496 1859 dandi,
521 1777 599 1842 haec
622 1777 664 1843 ad
693 1778 779 1865 ipsos
807 1778 849 1844 de
871 1779 946 1864 jure
971 1777 1139 1863 pertinent.
1185 1775 1307 1842 Caveat
1331 1798 1409 1840 vero

170 1880 313 1945 sacerdos
335 1903 375 1945 ne
397 1881 437 1945 in'
454 1881 666 1967 suspicionem
688 1883 779 1947 eadat
800 1881 925 1969 aliquid
948 1879 1131 1967 recipiendi,
1154 1880 1276 1945 intuitu
1297 1879 1408 1944 Sacra-

171 1984 271 2048 menti
294 1984 512 2050 Poenitentiac
531 1986 573 2050 ab
595 1986 665 2071 ipso
686 1985 912 2052 administrati.

215 2087 301 2157 XV.
332 2088 384 2153 De
404 2088 617 2175 applicatione
639 2090 789 2176 pecuniae
809 2113 891 2177 quae
913 2113 954 2155 ex
973 2089 1105 2176 juribus
1126 2088 1226 2154 stolae
1247 2087 1406 2174 provenit,

171 2214 237 2257 non
262 2215 328 2258 uua
352 2193 523 2279 eademqne
551 2195 662 2279 praxis
687 2216 743 2280 per
768 2203 869 2259 totam
896 2194 1019 2259 obtinet
1044 2192 1229 2257 Ecclesiam.
1276 2191 1407 2257 Etenim

170 2297 320 2382 quamvis
335 2296 477 2361 Ecclesia
495 2297 662 2362 sordidum
676 2308 844 2384 quaestum
863 2298 1044 2380 detestetur,
1059 2297 1101 2362 ob
1115 2318 1210 2383 quem
1231 2319 1290 2382 pro
1304 2318 1407 2360 sacra·

171 2411 352 2465 mentorum
373 2400 582 2466 celebratione
602 2412 828 2488 extorqueatur
843 2401 896 2467 vel
918 2401 1064 2488 exigatur
1078 2400 1212 2487 pecunia
1224 2423 1245 2465 a
1259 2399 1407 2464 fidelibus

169 2526 207 2568 ea
230 2504 420 2591 potentibus
447 2504 627 2571 Concilium
658 2515 764 2571 tamen
791 2506 1002 2571 lateranense
1030 2505 1091 2570 sub
1117 2503 1306 2569 Innocentio
1332 2503 1405 2569 ΙΙΙ.

169 2630 254 2672 anno
270 2611 355 2673 1215
370 2606 517 2673 habitum
539 2611 742 2696 praescripsit
763 2620 800 2673 ut
821 2609 1068 2675 observarentur
1086 2607 1261 2673 laudabiles
1275 2630 1406 2672 consue-

169 2712 306 2795 tudines,
321 2735 459 2799 quarum
480 2713 592 2799 vigore
612 2713 799 2799 oblationes,
819 2737 861 2780 ex
882 2713 1043 2778 occasione
1063 2711 1283 2778 celebrationis
1304 2734 1406 2776 sacra-

169 2825 360 2900 mentorum,
385 2840 406 2882 a
431 2815 580 2883 fidelibus
603 2817 715 2883 altaris
740 2818 897 2883 ministris
924 2817 1015 2882 fiunt.
1073 2816 1255 2882 l'roventus
1279 2839 1321 2881 ex
1346 2816 1406 2881 hoc

169 2918 258 2985 fonte
279 2919 461 2986 derivantes
481 2920 642 2987 ordinarie
657 2922 873 2987 sacerdotibus
887 2921 1120 3008 adjudicentur,
1134 2919 1285 3007 quamvis
1298 2919 1405 2986 diver÷

168 3023 212 3088 sis
231 3024 345 3107 modis,
360 3048 419 3111 pro
433 3024 620 3090 diversitate
639 3026 793 3109 locorum,
808 3024 1051 3090 distribuantur.
1097 3023 1315 3089 Anteferenda
1328 3047 1405 3090 vero

168 3125 297 3191 videtur
318 3129 447 3193 caeteris
468 3152 506 3194 ea
526 3127 710 3194 distributio
731 3151 813 3216 quae
834 3129 937 3215 magis
957 3126 998 3193 ad
1020 3126 1191 3193 allevanda
1211 3150 1306 3192 onera
1328 3127 1405 3192 mis-

166 3228 266 3295 sionis
279 3232 381 3317 possit
394 3232 548 3298 conferre.
1295 3250 1297 3254 ·

259 3583 500 3660 Insraucrro
526 3587 564 3661 S.
590 3586 948 3662 Concaacnrronrs
974 3607 1028 3660 nn
1054 3586 1177 3661 Paos.
1205 3587 1311 3660 Frna

393 3739 447 3791 nn
472 3717 604 3792 Missa
631 3741 693 3793 ars
720 3741 766 3793 nv
792 3741 863 3792 um
889 3718 1181 3809 Caussarum.

604 3901 677 3988 [Ad
692 3927 729 3988 p.
752 3907 804 3985 54,
821 3926 854 3967 a.
874 3904 965 3989 102]

203 4067 233 4137 12
255 4071 407 4138 Facultas
421 4072 472 4139 bis
485 4073 521 4139 in
535 4072 588 4140 die
598 4073 728 4138 missam
738 4072 928 4156 celebrandi,
937 4097 1002 4161 qua
1013 4074 1201 4139 missionum
1212 4073 1402 4141 Ordinarios

165 4175 246 4240 solet
266 4175 384 4241 Sancta
403 4177 501 4242 Sedes
517 4178 681 4264 insignire,
696 4186 734 4243 ut
747 4186 780 4242 et
793 4176 856 4262 ipsi
872 4178 1080 4242 missionariis
1093 4178 1160 4242 suis
1173 4201 1244 4242 eum
1258 4200 1402 4243 commu-

166 4279 281 4362 nicent,
295 4303 361 4345 non
375 4303 477 4366 pauca
489 4279 591 4345 dubia
604 4281 766 4363 excitavit,
781 4304 864 4367 qnae
877 4281 990 4346 Sacrae
1004 4281 1081 4346 huic
1098 4281 1346 4367 Congregationi
1360 4281 1401 4346 ab

166 4381 545 4471 iisdemsuntproposita.
575 4383 774 4449 Huiusmodi
782 4383 954 4449 dubiorum
964 4385 1046 4451 ratio
1056 4408 1097 4449 ex
1108 4385 1178 4470 ipso
1186 4384 1400 4450 clausularum

165 4485 270 4572 rigore
285 4486 415 4573 petitur,
430 4510 512 4574 quae
527 4487 709 4553 Alexandri
722 4486 814 4556 VII.
829 4487 918 4553 iussu
939 4488 1169 4553 Fornurlarum
1183 4488 1329 4571 articulo,
1344 4490 1400 4576 qui

165 4588 206 4654 de
218 4588 280 4655 hac
291 4591 361 4678 agit
374 4589 535 4674 facultate,
549 4590 671 4656 adiecta
690 4600 776 4657 sunt.
821 4591 1041 4672 Quamobrem
1061 4602 1279 4678 opportunum
1293 4593 1400 4659 visum
