3142 5242
174 483 236 543 136
368 494 553 542 1116666
576 494 793 542 vnn—ns
821 494 929 540 zeno
957 492 1215 541 astuasust.

171 652 268 727 duas
310 658 452 750 partes,
491 676 657 751 quarum
702 675 780 725 666
823 650 1061 750 Lugdunum
1103 648 1405 741 transmittatur,

170 769 294 843 altera
313 793 385 867 pro
403 768 593 844 Indorum
613 774 654 842 et
674 766 888 865 Nigrorum
909 765 1161 842 missionibus
1180 765 1404 841 retineatur.

220 883 451 959 Commissio
477 892 608 960 autem
634 882 690 959 sic
712 882 982 959 constituatur.
1034 882 1250 958 Rcvdmus.
1267 881 1403 957 Archi-

169 1000 372 1099 episcopus
390 999 688 1075 Baltimoronsis
705 999 894 1076 adsciscat
909 998 984 1075 sibi
1010 1001 1107 1075 duos
1123 1024 1172 1074 ex
1189 998 1403 1098 EpiscopiS,

170 1142 336 1216 quorum
354 1116 544 1193 dioeceses
568 1116 793 1215 hujusmodi
816 1141 891 1215 opo
907 1140 985 1190 non
1002 1115 1192 1215 indigent.
1246 1115 1404 1215 Eligant

170 1233 310 1309 deinde
343 1232 593 1309 secretarium
627 1234 878 1325 sacerdotem,
908 1231 1092 1307 clericum
1127 1240 1225 1330 puta
1259 1258 1309 1308 611
1341 1232 1402 1331 pio

169 1348 396 1425 clericorum
421 1350 460 1425 S.
484 1347 644 1448 Sulpitii
668 1348 860 1441 instituto,
883 1348 952 1447 qui
978 1348 1188 1448 quotannis
1213 1349 1265 1423 ad
1293 1348 1402 1447 Epis·

168 1489 283 1562 copos
309 1465 511 1541 universos
536 1465 654 1565 plane
679 1465 821 1541 referet
836 1466 886 1540 (16
901 1464 1072 1540 collectis
1096 1464 1266 1563 acceptis
1282 1466 1402 1565 deque

168 1583 283 1656 modo
317 1607 394 1682 quo
428 1582 614 1682 pecuniae
646 1606 782 1676 omnes
815 1606 1006 1679 expensae
1046 1580 1202 1656 fuerint
1273 1582 1401 1657 Etiam

168 1696 352 1797 Episcopi
377 1698 444 1798 qui
472 1700 520 1774 de
545 1698 607 1774 his
631 1697 802 1773 collectis
826 1696 1075 1797 participant,
1099 1696 1268 1796 singulis
1293 1698 1402 1773 annis

167 1813 218 1887 ad
235 1814 548 1889 commissionem
564 1815 734 1890 referent
749 1815 799 1890 de
816 1838 979 1889 numero
997 1813 1189 1889 Indorum
1206 1821 1248 1890 61
1264 1814 1304 1891 N
1305 1814 1400 1914 igro-

167 1954 255 2005 rum
279 1930 321 2005 in
346 1930 427 2006 suis
444 1931 692 2022 dioecesibus,
710 1932 836 2029 deque
851 1955 987 2005 eorum
1010 1938 1116 2005 statu
1138 1930 1349 2028 spirituali,
1365 1940 1403 2005 et

168 2046 215 2120 de
249 2046 386 2122 ceteris
420 2072 520 2146 quae
561 2045 736 2145 ipsorum
774 2046 922 2145 judicio
957 2046 1106 2122 utiliter
1139 2047 1401 2123 commissioni

167 2161 376 2261 significari
402 2169 566 2261 possunt
591 2170 661 2239 aut
685 2163 839 2238 debent.

217 2277 266 2353 In
283 2285 366 2354 tota
383 2279 455 2354 hac
472 2304 525 2371 re,
544 2303 644 2378 quae
660 2278 742 2354 suis
758 2286 862 2354 certe
881 2304 960 2354 non
977 2285 1083 2354 66161
1099 2278 1401 2370 difficultatibus,

166 2401 249 2469 tum
280 2402 456 2493 pastores
485 2402 572 2470 tum
601 2395 735 2470 fideles
761 2420 839 2469 non
864 2419 1032 2495 parvum
1062 2397 1285 2493 percepturi
1315 2404 1404 2472 sunt

166 2510 460 2586 incitamentum
494 2537 543 2586 cx
575 2511 744 2610 benigno
776 2514 854 2610 quo
888 2535 959 2585 nos
992 2498 1243 2611 prosequitur
1276 2512 1402 2589 studio

167 2626 301 2702 Emus.
319 2627 433 2702 Card.
453 2626 580 2704 Praei.
597 2628 636 2701 S.
654 2627 774 2726 Cong.
792 2629 842 2703 (16
862 2627 979 2725 Prop.
998 2627 1106 2721 Fide,
1123 2627 1192 2726 qui
1217 2628 1403 2705 benevole

166 2750 345 2839 patratum
371 2768 411 2817 66
428 2743 599 2819 ostendit
615 2745 665 2818 ad
683 2744 927 2842 procuranda
943 2743 1136 2835 subsidia;
1163 2751 1204 2818 61
1220 2745 1342 2820 etiam
1358 2771 1403 2820 ex

166 2857 419 2955 indulgentiis
445 2886 469 2934 6
495 2859 543 2933 D.
563 2859 611 2934 N.
631 2859 761 2933 Leone
787 2859 907 2934 XIII.
931 2859 995 2935 (116
1020 2862 1046 2934 3
1073 2858 1163 2935 Dec.
1190 2861 1400 2937 18820011-

165 2974 280 3047 cessis
311 2975 505 3072 aliquibus
536 2974 797 3065 missionibus
824 3000 920 3072 quas
950 2981 989 3050 61
1020 2976 1070 3050 6(1
1096 3000 1166 3050 666
1195 2980 1403 3054 extendere

165 3089 346 3186 dignatus
373 3092 456 3164 cst.¹

198 3272 206 3305 ¹
217 3273 259 3324 Ex
275 3272 411 3325 audientia
423 3274 515 3327 habita
526 3274 570 3326 (116
582 3278 615 3326 23
628 3276 647 3327 J
649 3276 699 3327 ulii
713 3277 778 3327 1882
789 3276 904 3328 relatum
914 3276 980 3328 suit:
999 3276 1017 3303 “
1023 3276 1207 3328 Sanctissimae
1218 3278 1253 3329 ad
1267 3295 1359 3346 preces
1369 3280 1401 3332 R

164 3355 193 3408 P.
212 3356 244 3408 D.
261 3356 388 3423 Oratoris,
405 3357 439 3410 de
457 3375 509 3424 qao
527 3358 556 3410 in
574 3359 702 3425 precibus,
720 3359 915 3423 indulgentiam
932 3358 1080 3425 plenariam
1097 3358 1211 3425 benigne
1228 3362 1401 3415 6666661161)

163 3439 284 3489 omnibus
300 3448 327 3490 ct
343 3440 456 3506 singulis
467 3441 604 3507 utriusque
614 3458 692 3492 sextis
705 3441 827 3493 fidelibus
844 3441 1006 3506 lucrandam,
1018 3441 1066 3508 qui
1077 3458 1109 3493 eo
1119 3440 1164 3493 die
1175 3460 1229 3509 quo
1241 3443 1272 3495 111
1283 3446 1402 3497 collectio

162 3539 211 3589 pro
226 3522 358 3574 erectione
376 3534 403 3575 61
420 3524 610 3575 sustentatione
625 3525 782 3576 sacellorum
797 3533 825 3576 et
839 3525 990 3576 scholarum
1006 3525 1198 3577 catholicarum
1216 3543 1267 3593 pro
1284 3528 1401 3581 11611661

163 3604 286 3672 Nigrina,
304 3624 366 3658 vere
386 3607 557 3673 poenitentes,
577 3608 805 3659 sacramentaliter
823 3608 934 3659 consessi
954 3625 986 3659 66
1005 3625 1080 3659 sacra
1096 3609 1292 3662 Communione
1311 3612 1400 3664 resecti

162 3688 306 3753 ecclesiam,
322 3688 351 3741 in
368 3707 421 3756 qun
436 3690 549 3756 pecunia
567 3690 709 3755 colligitur,
722 3691 817 3742 devote
834 3690 1009 3756 visitaverint,
1026 3690 1118 3759 ibique
1134 3692 1216 3743 sacris
1232 3694 1402 3747 concionibus

161 3772 273 3838 aliisque
292 3772 390 3823 ritibus
411 3790 443 3824 66
464 3773 598 3824 occasione
620 3772 785 3824 celebrandis
806 3773 964 3840 adstiterint,
984 3782 1013 3826 ct
1034 3775 1137 3841 aliquas
1158 3775 1219 3842 pias
1240 3793 1333 3843 preces
1353 3792 1401 3844 pro

161 3863 265 3905 sanctae
282 3854 344 3905 fidei
363 3856 550 3921 propagatione
567 3863 594 3907 et
606 3856 686 3922 juxta
702 3856 805 3908 Summi
822 3856 959 3908 Pontilicis
974 3856 1150 3908 intentionem
1162 3858 1332 3912 effuderint!
1367 3861 1399 3913 In

161 3937 298 3989 audientia
309 3955 372 3990 vcro
385 3938 475 3989 haltita
487 3939 532 3990 dic
544 3941 560 3990 3
572 3939 725 3991 Decembris
743 3942 815 4005 1882,
828 3940 959 3992 Sanctitas
968 3957 1017 3992 sua
1028 3950 1120 4007 rogata
1129 3942 1189 4006 suit,
1202 3951 1233 3994 ut
1242 3945 1398 4012 rescriptum

161 4022 245 4071 relate
263 4020 297 4072 ad
314 4021 436 4072 ccclesias
454 4030 482 4074 et
499 4023 601 4073 scholas
618 4040 667 4089 pro
686 4023 787 4089 Nigris,
806 4023 952 4075 valiturum
968 4023 1106 4076 declarare
1121 4024 1191 4077 velit
1210 4042 1260 4092 pro
1279 4028 1401 4080 omnibus

161 4103 322 4156 dioecesibus
333 4105 456 4155 Statuam
468 4105 672 4156 Foederatorum
682 4124 688 4169 ;
706 4123 736 4156 ac
747 4115 890 4172 praetcrea,
902 4115 932 4158 ut
947 4105 975 4157 in
988 4107 1115 4173 rescripto
1126 4107 1264 4160 auferatur
1274 4111 1397 4171 conditio,

161 4204 213 4253 qua
227 4187 316 4238 fideles
333 4195 456 4238 16666161
473 4188 592 4239 assistere
610 4188 795 4253 functionibus,
808 4188 934 4254 concioni,
948 4197 995 4241 etc.
1031 4188 1114 4240 Porro
1131 4189 1175 4241 SS.
1187 4190 1269 4243 Pater
1282 4193 1400 4244 “annuit

156 4271 235 4336 juxta
247 4270 355 4336 pctita.’'
