3204 5242
514 695 824 792 SESSIONES
851 691 1169 793 SOLEMNES.

701 1030 819 1095 Sassm
842 1030 975 1095 Parum.

264 1185 437 1252 Dominica
457 1203 568 1251 xxm.
590 1194 664 1271 post
686 1184 903 1268 Pentecosten,
925 1183 978 1249 die
1000 1206 1085 1249 nona
1110 1183 1228 1249 mensis
1249 1183 1457 1268 Novembris,

222 1290 265 1356 A.
275 1289 319 1356 D.
335 1306 619 1371 Mncocnxxxrv„
642 1288 725 1353 festo
747 1286 924 1353 Patrocinii
944 1287 986 1354 B.
1003 1287 1053 1354 M.
1068 1287 1129 1371 V„
1143 1287 1256 1353 habita
1275 1295 1325 1353 est
1351 1288 1459 1374 prima

221 1394 319 1459 sossio
346 1392 497 1458 solemnis
526 1391 665 1458 Consilii
690 1391 935 1457 Baltimorensis
963 1389 1107 1456 Plenarii
1135 1390 1237 1456 Tertii
1265 1390 1302 1456 in
1330 1390 1461 1457 ecclesia

222 1497 468 1583 metropolitana
495 1494 529 1562 S.
557 1495 682 1560 Mariae
701 1494 738 1560 in
759 1494 883 1560 coelum
905 1495 1112 1581 Assumptus.
1155 1493 1250 1561 Hora
1270 1517 1357 1560 nona
1383 1517 1460 1560 cum

221 1599 357 1666 dimidia
377 1597 629 1666 antemeridiana
649 1606 868 1665 convenerunt
892 1596 997 1665 Illmi.
1022 1605 1056 1664 et
1078 1596 1207 1665 Revmi.
1235 1597 1403 1664 Praesules
1427 1606 1461 1663 et

222 1706 356 1790 majores
366 1702 535 1790 synodales
546 1702 580 1766 in
590 1701 722 1768 aedibus
731 1701 1073 1789 archiepiscopalibus3
1095 1701 1189 1768 ceteri
1203 1725 1281 1768 vero
1290 1701 1461 1788 synodales

222 1809 258 1874 in
278 1809 354 1874 aula
375 1807 409 1874 S.
425 1806 600 1894 Alplronsi‚
614 1806 680 1873 viis
697 1805 794 1872 dictis
809 1805 902 1871 Purlc
914 1814 948 1871 et
967 1806 1133 1892 Sorctopa.
1179 1806 1249 1886 Qui
1271 1806 1306 1871 in
1326 1805 1461 1871 aedibus

222 1909 464 1999 Arcbiepiscopi
478 1918 693 1976 convenerant
706 1910 754 1976 ibi
774 1911 920 1997 proprias
941 1909 992 1975 sui
1013 1910 1137 1976 ordinis
1150 1921 1253 1976 vestes
1274 1908 1461 1994 induerunt,

222 2014 601 2101 scilicetArchiepiscopi,
611 2014 765 2100 Episcopi
774 2022 806 2079 et
816 2014 959 2079 Abbates
967 2014 1127 2100 pluvialia
1135 2023 1167 2079 et
1175 2014 1296 2079 mitras.
1337 2012 1462 2079 Nullus

222 2142 300 2186 vero
327 2127 452 2205 praeter
480 2117 706 2204 Apostolicum
727 2116 921 2205 Delegatum
942 2117 1094 2183 baculum
1114 2117 1307 2204 pastoralem
1328 2116 1460 2183 ferebat.

223 2222 356 2309 Reliqui
381 2221 501 2287 ibidem
526 2221 719 2308 congregati,
738 2222 823 2285 inter
842 2244 924 2308 quos
948 2230 1040 2287 erant
1064 2220 1204 2287 Praelati
1229 2220 1405 2287 Domestici
1428 2229 1463 2287 et

223 2326 400 2394 Camerarii
420 2324 531 2390 secreti
552 2325 737 2390 Sanctitatis
758 2325 841 2391 Suae
863 2325 967 2410 (cujus
987 2325 1155 2412 dignitatis
1176 2325 1240 2390 viri
1263 2325 1370 2412 prima
1390 2325 1463 2392 vice

222 2430 283 2496 tali
303 2430 465 2495 occasione
486 2430 522 2494 in
543 2429 631 2494 hisce
658 2429 842 2515 regionibus
863 2429 927 2495 visi
950 2429 1049 2516 sunt),
1072 2428 1231 2516 pluvialia
1254 2451 1327 2495 cum
1349 2429 1462 2495 biretis

222 2543 437 2619 sumpserunt.

265 2637 429 2704 Omnibus
456 2639 586 2724 paratis,
613 2647 644 2703 et
672 2647 747 2703 ante
774 2637 866 2703 aedes
894 2636 1176 2724 archiepiscopales
1199 2639 1269 2724 jam
1297 2637 1462 2725 dispositis

222 2741 379 2827 theologis
405 2741 544 2807 Concilii
566 2751 662 2827 atque
684 2740 809 2827 reliquo
837 2741 931 2824 clero,
953 2742 1044 2825 cujus
1073 2764 1209 2828 magnus
1238 2764 1392 2807 numerus
1420 2765 1462 2807 ex

222 2844 397 2934 provinciis
440 2844 650 2912 vicinioribus
685 2844 868 2928 advenerat,
905 2845 1030 2931 incepta
1066 2854 1113 2910 est
1156 2845 1313 2933 processio
1349 2844 1462 2911 ordine

222 2947 388 3036 sequentit

485 3051 706 3119 Subdiaconus
721 3077 794 3118 eum
810 3054 913 3119 Cruce
927 3053 1163 3140 processionali.

485 3156 624 3221 Alumni
637 3157 806 3222 Seminarii
821 3156 855 3222 S.
871 3157 997 3222 Mariae
1012 3156 1057 3244 (S.
1073 3156 1231 3244 sulpitii).

485 3260 602 3327 Olerus
616 3260 783 3346 regularis.

485 3363 601 3430 Clerus
614 3364 793 3431 saecularis

486 3467 613 3533 Chorus
628 3469 815 3534 Cantorum.

485 3571 643 3657 Theologi
658 3571 805 3638 Patrum.

484 3675 518 3741 N
519 3676 613 3740 otarii
626 3684 659 3740 et
672 3675 847 3743 Secretarii.

484 3778 668 3865 Superiores
683 3779 846 3845 Ordinum
862 3781 1111 3868 Religiosorum.

484 3883 633 3948 Rectores
644 3884 895 3949 Seminariorum
910 3887 1078 3970 majorum.

484 3986 658 4052 Camerarii
672 3987 790 4052 Secreti
804 3987 985 4053 Sanctitatis
999 3989 1091 4054 Suae.

485 4089 625 4155 Praelati
640 4090 814 4155 Domestici
830 4090 1016 4156 Sanctitatis
1030 4092 1122 4158 Suae.

485 4193 710 4259 Procuratores
724 4194 958 4280 Episcoporum
973 4195 1164 4262 absentium.

483 4297 611 4363 Revmi.
627 4297 780 4364 Abbates.

484 4399 587 4466 Illmi.
603 4409 635 4465 et
649 4401 779 4467 Revmi.
795 4401 959 4490 Episcopi.

482 4502 587 4570 Illmi.
602 4513 635 4570 et
648 4504 778 4572 Revmi.
794 4506 1046 4593 Archiepiscopi.
