3142 5242
557 1084 901 1191 'HTULUS
949 1085 1015 1192 V.

248 1342 312 1446 De
345 1310 616 1452 Olericorum
648 1340 922 1444 Educationc
953 1353 996 1447 et
1026 1345 1332 1451 Instructionc.

593 1605 952 1615 ————

219 1772 304 1847 135.
341 1776 362 1812 “
375 1769 416 1844 Si
429 1769 601 1845 maxima
613 1795 767 1868 semper
779 1770 985 1868 vigilantia
998 1796 1041 1846 ac
1058 1771 1268 1871 singularis
1280 1750 1402 1872 ⁴plane

167 1886 388 1963 sollicitudo
417 1885 495 1961 fuit
527 1885 748 1961 adhibenda
778 1893 822 1960 ut
850 1885 880 1960 ii
910 1912 1055 1979 omnes,
1088 1887 1154 1987 qui
1189 1888 1230 1963 in
1265 1891 1402 1966 eastris

168 2001 328 2078 Domini
354 2001 524 2077 militare
549 2001 722 2101 cupiunt,
748 2002 813 2101 pie
838 2011 1044 2102 sancteque
1078 2005 1335 2081 educarentur
1363 2014 1403 2082 et

166 2119 326 2218 optimis
368 2119 616 2196 erudirentur
656 2117 885 2217 disciplinis,
920 2119 1115 2196 neminem
1150 2129 1252 2197 certe
1294 2123 1400 2218 latet,

167 2244 405 2336 quantopere
447 2235 691 2311 Christianae
724 2234 927 2335 civilisque
960 2235 1196 2335 reipublicae
1235 2238 1401 2335 intersit,

166 2360 248 2428 tam
282 2353 453 2428 salutare
486 2377 584 2450 opus
617 2352 762 2452 ubique
794 2351 1045 2451 ingeminatis
1079 2354 1219 2430 studiis
1255 2355 1399 2454 urgeri,

166 2468 270 2544 hisce
287 2468 516 2568 praesertim
534 2468 760 2566 asperrimis
777 2469 1028 2566 temporibus,
1047 2470 1188 2568 quibus
1206 2470 1401 2547 Ecclesiae

165 2585 336 2661 rationes
352 2584 512 2661 omnino
536 2585 749 2684 postulant,
768 2592 812 2660 ut
828 2584 1002 2684 quotidie
1020 2585 1146 2685 magis
1163 2587 1400 2686 optimorum

165 2703 407 2776 sacerdotum
420 2699 637 2776 subolescat
648 2700 771 2800 copia,
784 2700 851 2800 qui
866 2699 1056 2775 virtutum
1071 2701 1246 2777 omnium
1260 2710 1401 2780 ornatu

165 2817 358 2917 fulgentes
382 2843 428 2893 ac
452 2842 549 2893 sana
572 2817 774 2917 solidaque
806 2817 1000 2916 pollentes
1030 2818 1217 2912 doctrina,
1244 2819 1401 2896 valeant

164 2932 316 3033 proprii
332 2933 540 3009 ministerii
558 2933 784 3009 muneribus
801 2934 866 3033 pie
883 2933 1053 3033 sciteque
1069 2935 1262 3034 perfungi,
1280 2935 1399 3011 chris-

164 3049 312 3125 tianam
338 3051 493 3149 plebem
515 3049 651 3124 sedulo
667 3050 833 3143 erudire,
852 3049 1072 3125 animarum
1090 3050 1208 3126 saluti
1226 3059 1401 3128 accurate

164 3166 375 3259 consulere,
393 3174 568 3241 errantes
586 3166 638 3241 ad
653 3165 831 3241 veritatis
849 3172 889 3240 et
906 3165 1086 3263 justitiae
1111 3167 1270 3242 semitas
1286 3169 1398 3243 redu·

164 3307 261 3376 cere,
286 3307 332 3357 ac
365 3281 440 3357 Dei
464 3283 624 3381 ejusque
648 3290 804 3357 sanctae
830 3280 1025 3356 Ecclesiae
1053 3307 1208 3357 causam
1243 3291 1400 3360 strenue

165 3397 405 3497 scienterque
421 3399 639 3491 defendere,
657 3404 697 3473 et
712 3395 985 3472 insidiantium
1003 3397 1208 3474 hominum
1226 3399 1399 3475 fallacias

165 3515 355 3615 detegere,
368 3540 518 3591 errores
530 3514 717 3606 refellere,
732 3513 926 3588 insaniam
940 3538 984 3587 ac
997 3514 1256 3589 temeritatem
1267 3517 1398 3590 redar-

165 3658 282 3732 guere
306 3639 347 3707 et
370 3631 540 3730 impetus
564 3629 779 3729 frangere.”
836 3628 945 3727 (Litt.
973 3632 1077 3728 App.
1105 3630 1169 3705 Pii
1194 3631 1269 3706 IX.
1288 3631 1398 3707 insti·

165 3749 310 3824 tuentis
327 3747 588 3823 Seminarium
606 3746 734 3840 Pium,
753 3769 810 3822 lv.
830 3745 921 3821 Kal.
941 3746 966 3820 J
968 3746 1020 3821 ul.
1040 3747 1165 3846 1853.)

215 3865 300 3954 Quo
325 3864 467 3940 certius
492 3863 686 3962 simulque
710 3863 898 3938 efficacius
926 3862 968 3936 id
994 3888 1255 3962 assequamur,
1280 3872 1324 3940 ut
1349 3867 1400 3940 ad

165 3989 336 4057 mentem
371 3981 435 4056 Pii
464 3980 553 4071 IX,
578 3979 813 4054 immortalis
848 3979 1068 4072 memoriae,
1096 3978 1290 4056 Ecclesiae
1326 3981 1400 4056 Dei

167 4098 270 4174 hisce
286 4097 328 4172 in
346 4096 557 4196 provinciis
571 4094 757 4171 militanti
774 4120 928 4193 semper
946 4120 989 4169 ac
1002 4095 1123 4169 voluti
1142 4095 1182 4170 in
1200 4097 1401 4195 procinctu
1486 4107 1488 4111 ’

167 4214 342 4289 virorum
375 4213 718 4289 ecclesiasticorum
753 4213 881 4286 adstet
913 4210 1035 4309 copia,
1062 4212 1129 4310 qui
1156 4219 1332 4311 potentes
1357 4212 1400 4288 in

167 4355 283 4430 opere
299 4337 340 4406 et
355 4354 543 4421 sermone,
561 4336 717 4403 strenue
734 4353 779 4402 ac
795 4327 973 4402 sollerter
995 4327 1235 4427 proeliantur
1251 4327 1401 4426 proelia

167 4445 339 4541 Domini,
365 4471 575 4545 omnesque
608 4444 669 4520 sui
703 4443 877 4519 muneris
910 4452 1043 4542 partes
1077 4442 1173 4519 tam'
1194 4444 1323 4519 varias
1358 4468 1403 4521 ac

166 4586 306 4661 graves
330 4562 395 4663 pie
420 4562 659 4660 scienterque
676 4561 868 4660 expleant,
886 4561 1015 4635 visum
1037 4568 1096 4635 est
1115 4561 1232 4658 hujus
1250 4559 1403 4635 concilii

1230 4680 1271 4743 69
