3142 5242
173 462 237 526 248
669 479 916 527 neruum.

172 635 247 702 fidei
276 635 519 724 inquisitoribus
549 635 760 723 generalibus,
790 635 962 723 propositis
989 637 1212 724 suprascriptis
1241 635 1352 702 dubiis
1380 646 1411 702 et

171 740 357 827 praehabito
379 749 456 806 voto
477 738 555 806 DD.
579 739 820 823 Consultatum,
843 740 930 806 Emi.
953 741 1180 806 decreverunt:

214 843 270 909 Ad
307 843 337 910 I.
375 843 574 928 Affirmative,
609 853 736 931 peracta
770 853 878 910 tamen
918 845 1164 931 investigatione
1200 844 1235 909 iu
1272 846 1410 932 singulis

170 949 303 1015 casibus.

214 1052 270 1119 Ad
293 1052 345 1121 II.
368 1053 495 1140 Nempe
505 1053 682 1120 r-Utrum
704 1053 784 1119 dum
805 1053 1108 1140 baptismi-collatio
1130 1052 1299 1141 ignoratur
1319 1054 1409 1140 prin-

169 1156 291 1244 cipium
315 1157 582 1244 praesumptionis
607 1157 642 1222 in
665 1156 778 1223 ordine
799 1156 841 1222 ad
864 1157 1007 1223 valorem
1033 1156 1230 1222 matrimonii
1255 1157 1408 1222 contracti

170 1260 231 1326 rite
244 1250 422 1348 applicetur
437 1261 472 1326 iu
485 1260 629 1327 articulis
642 1261 847 1348 sequentibus
856 1264 918 1327 l-

215 1364 695 1452 Responderunt-Affirmotivc
722 1364 828 1453 quoad
852 1366 1000 1452 primum,
1033 1365 1200 1430 secuudum
1227 1374 1261 1431 et
1289 1366 1408 1430 lotium

169 1469 352 1552 articulum,
366 1478 399 1535 ct
419 1467 526 1555 quoad
547 1469 686 1556 primam
707 1480 831 1556 partem
846 1470 995 1556 praedict
1009 1469 1148 1556 primam
1169 1479 1295 1555 purtem
1309 1470 1408 1555 quinti

169 1573 313 1657 numeri;
337 1583 372 1639 at
395 1573 430 1637 in
454 1572 514 1638 hoc
536 1583 698 1660 postremo
720 1573 868 1656 articulo,
887 1582 961 1660 post
979 1572 1079 1639 verba
1097 1561 1238 1638 bohemi
1255 1580 1408 1659 porta-

168 1676 307 1743 addatur
317 1700 466 1764 -orcque
486 1678 564 1742 alter
577 1677 690 1742 mnino
703 1684 903 1762 oopnoeoatur
911 1677 1040 1763 perdite
1059 1677 1235 1741 contrarius
1254 1678 1407 1743 codaitbai

168 1780 322 1868 baptism,
333 1782 580 1868 praesummus
600 1787 642 1846 est
662 1780 841 1868 tombam
886 1780 930 1846 In
949 1781 1082 1868 reliquis
1096 1781 1222 1847 ensibus
1235 1781 1294 1869 qui
1307 1781 1407 1848 adno-

169 1893 279 1950 tantur
293 1885 329 1950 iu
343 1886 481 1951 secunda
493 1895 584 1972 parte
599 1885 724 1950 numeri
738 1885 838 1972 quinti
850 1885 1077 1951 recurrendum
1099 1893 1147 1951 est
1166 1885 1209 1951 ad
1232 1884 1266 1973 S
1282 1885 1405 1969 Sedem,

169 1990 324 2075 expositis
344 1988 495 2054 omnibus
511 2012 620 2054 rerum
641 1989 784 2054 loecmm
806 1998 838 2054 et
859 2011 1066 2076 personarum
1088 1989 1258 2073 adiunctis,
1272 1989 1406 2075 aliisque

167 2091 292 2158 adrem
307 2092 504 2159 facientibus.
550 2091 606 2158 Ad
620 2100 744 2175 sestam
759 2093 928 2179 provisum
942 2093 976 2156 in
991 2093 1260 2180 praecedentibus.

548 2264 579 2329 Ι.
594 2264 742 2329 PELAMI
763 2264 797 2330 S.
813 2264 857 2330 R.
872 2271 900 2328 et
918 2264 954 2328 U.
971 2264 1185 2349 quaraitiouis
1200 2264 1362 2331 Notarius.

269 2599 496 2676 Dausaron
528 2599 759 2674 Genauam-2
789 2602 826 2677 S.
854 2600 902 2675 R.
928 2600 980 2676 U.
1008 2599 1307 2686 Iuou1s1r1ou1s

469 2737 522 2789 uu
549 2715 862 2790 Buuauromonn
888 2715 926 2790 N
930 2738 1107 2790 urrmm.

523 2938 526 2945 ·
605 2903 678 2988 [rld
692 2928 728 2988 p.
749 2908 801 2985 ut,
819 2928 851 2969 n.
874 2905 965 2990 lua]

479 3073 588 3132 suun
611 3073 668 3132 IV.
691 3092 750 3132 mu
775 3076 810 3132 31
835 3074 983 3134 Αωυετι
1007 3076 1092 3135 1881.

210 3235 252 3299 In
268 3235 521 3323 Congregntionc
535 3236 674 3323 generali
691 3237 723 3302 S.
736 3238 778 3302 R.
790 3248 819 3301 et
836 3237 1039 3303 Universalis
1055 3238 1281 3324 Inquisitionis
1294 3239 1398 3305 habita

164 3361 271 3403 corum
294 3339 396 3405 Emis,
419 3364 456 3404 ac
482 3340 584 3405 Ruris.
608 3340 686 3405 DD.
709 3341 742 3405 S.
766 3340 807 3405 R.
832 3340 872 3406 E.
897 3341 1122 3405 Caulinalibus
1148 3342 1183 3406 in
1208 3344 1304 3409 rebus
1329 3342 1395 3406 fidei

166 3442 408 3528 inquisitoribus
428 3444 640 3529 genemlilms,
655 3443 840 3529 praehabito
861 3455 938 3508 voto
960 3444 1036 3509 DD.
1053 3443 1283 3510 Consultorum
1306 3446 1396 3510 iidem

165 3544 252 3611 Emi.
268 3570 305 3610 ac
319 3546 406 3612 Rmi.
422 3546 500 3612 DD.
516 3548 734 3613 decreverunt.

207 3649 466 3715 Benedictionem
481 3651 657 3736 nuptialem
671 3676 768 3737 quam
783 3653 913 3719 exhibet
927 3653 1053 3718 missale
1067 3677 1236 3719 romanum
1251 3655 1285 3720 in
1301 3654 1398 3719 Missa

158 3776 220 3839 pro
234 3778 344 3839 sponso
359 3761 385 3817 et
398 3778 513 3840 sponsu
527 3778 650 3840 semper
664 3755 907 3841 impertiendam
926 3781 992 3821 csse
1012 3757 1045 3820 in
1067 3758 1280 3823 matrimoniis
1294 3759 1396 3823 (utho

164 3857 309 3940 lieormn,
332 3860 417 3923 infra
439 3869 545 3924 tamen
568 3860 681 3923 missac
702 3861 943 3925 celebrationem
963 3864 1061 3947 juxta
1083 3863 1234 3944 rubrica,
1256 3874 1290 3927 et
1310 3878 1396 3927 extra

162 3970 290 4048 tempus
312 3963 472 4044 feriat-um,
488 3964 637 4027 omnibus
659 3964 725 4028 illis
745 3965 942 4051 conjugibus,
958 3967 1014 4052 qui
1036 3989 1105 4030 eam
1128 3965 1164 4031 in
1186 3965 1397 4032 contrahendo

162 4067 366 4133 matrimonio
392 4090 592 4155 quacumque
617 4092 657 4132 ex
683 4092 776 4133 eausa
801 4093 866 4134 nem
891 4071 1109 4152 obtirmerint3
1140 4070 1265 4135 etiamsi
1290 4082 1396 4156 petant

161 4180 234 4256 post
258 4195 356 4258 quarn
382 4170 440 4235 diu
460 4172 529 4256 jam
556 4172 590 4234 in
617 4175 821 4238 matrimonio
844 4174 997 4253 vixerint,
1020 4174 1197 4239 dunnnodo
1222 4174 1349 4256 mulier,
1371 4173 1395 4236 si

163 4273 270 4356 vidua,
287 4274 536 4339 benedictionem
553 4277 655 4360 ipsam
670 4277 703 4338 in
719 4276 791 4341 aliis
805 4279 928 4363 nuptiis
943 4301 1007 4342 non
1022 4278 1185 4363 acceperit.

206 4376 344 4461 Insuper
373 4378 547 4443 hortandos
576 4401 643 4443 esse
671 4380 797 4444 eosdem
827 4383 975 4467 conjuges
1004 4380 1184 4465 catholicos
1213 4382 1270 4470 qui
1305 4383 1394 4447 bene

161 4478 331 4544 dictionem
356 4482 409 4545 sni
433 4483 631 4547 matrimonii
656 4507 721 4547 nen
744 4485 962 4567 obtinuerunt,
987 4496 1024 4550 ut
1045 4509 1114 4550 earn
1140 4487 1248 4572 primo
1270 4508 1396 4573 queque
1468 4496 1471 4503 “

160 4589 302 4667 tempore
321 4594 439 4667 petant.
484 4585 737 4672 Signifieandum
752 4611 829 4653 vero
844 4588 920 4671 illis,
936 4589 1075 4653 maxime
1095 4590 1124 4653 si
1146 4590 1300 4676 neophyti
1322 4591 1395 4674 sint,
