3142 5242
570 1071 916 1180 TITULUS
962 1072 1047 1180 II.

372 1438 376 1445 -
467 1361 532 1469 De
567 1361 777 1468 Personis
813 1362 1157 1472 Ecclesiasticis.

670 1856 890 1932 CAPUT
921 1858 959 1935 Ι.

660 2072 726 2148 Dn
752 2072 974 2149 Errseoms.

247 2258 305 2334 11.
360 2256 481 2333 Jubet
520 2256 736 2355 Apostolus
779 2255 993 2355 Episcopos
1035 2259 1236 2333 attendere
1278 2255 1354 2333 sibi
1396 2262 1435 2334 et

196 2374 378 2450 universo
411 2371 533 2472 gregi,
568 2372 610 2447 in
643 2398 720 2472 quo
755 2396 820 2447 eos
853 2372 1023 2471 Spiritus
1057 2373 1093 2449 S.
1128 2372 1261 2473 posuit
1301 2399 1435 2473 regere

197 2489 411 2566 Ecclesiam
438 2487 524 2582 Dei,
547 2514 666 2588 quam
692 2487 901 2587 aequisivit
923 2489 1115 2587 sanguine
1141 2514 1223 2565 suo.
1275 2489 1435 2566 Clericis

196 2605 318 2706 igitur
334 2612 375 2681 et
391 2604 501 2680 laicis
518 2604 701 2679 omnibus
717 2628 811 2679 suae
827 2603 1011 2680 dioecesis
1032 2604 1124 2702 jure
1149 2630 1218 2680 suo
1236 2611 1434 2704 praesunt,

197 2721 315 2821 inque
332 2747 399 2797 eos
416 2746 550 2796 curam
567 2726 747 2795 exercent
770 2726 810 2795 et
834 2718 1054 2818 invigilant,
1072 2721 1184 2820 quasi
1209 2720 1252 2796 in
1275 2746 1368 2796 oves
1385 2721 1436 2796 ad

197 2830 342 2937 pascua
385 2836 573 2912 salutaria
605 2837 801 2913 ducendas
835 2844 876 2912 et
908 2861 932 2912 a
966 2836 1092 2912 noxiis
1125 2839 1364 2913 revocandas
1396 2844 1437 2912 et

197 2955 394 3028 arcendas.
463 2951 555 3028 Jam
589 2977 682 3028 vero
720 2977 792 3052 per
824 2978 968 3052 pascua
1011 2952 1127 3028 noxia
1159 2953 1437 3029 intellexerunt

198 3094 352 3169 semper
369 3069 508 3145 Patres
534 3067 657 3144 nostri
682 3068 874 3168 quidquid
899 3069 1098 3145 doctrinae
1114 3094 1139 3145 a
1156 3068 1311 3145 Christo
1328 3094 1434 3145 reve·

197 3186 301 3261 latae
334 3192 374 3261 et
407 3211 478 3285 per
511 3183 725 3261 Ecclesiam
758 3184 974 3261 custoditae
1005 3193 1254 3285 repugnaret,
1287 3186 1434 3262 anima·

197 3327 336 3377 rumve
353 3300 548 3400 spirituali
573 3301 675 3376 bono
699 3301 849 3376 officere
864 3308 1017 3400 posset;
1042 3327 1113 3402 per
1130 3303 1233 3377 bona
1248 3310 1380 3378 autem
1397 3307 1437 3379 ct

199 3418 372 3494 salubria
389 3417 581 3517 quidquid
596 3416 754 3493 veritati
777 3417 935 3493 divinae
950 3443 1164 3494 consonum
1181 3425 1293 3511 esset,
1311 3417 1434 3494 homi·

199 3534 390 3634 nibusque
419 3535 471 3609 ad
500 3532 624 3608 vitam
654 3541 853 3609 aeternam
881 3536 1193 3633 consequendam
1222 3536 1434 3634 proficeret.

200 3650 416 3749 Episcopus
433 3675 537 3749 erge,
548 3675 637 3725 cum
654 3649 787 3726 debita
803 3649 1122 3727 subordinatione
1139 3652 1190 3727 ad
1207 3675 1435 3750 supremum

199 3765 313 3840 illum
330 3765 562 3841 Antistitem
585 3765 653 3866 qui
672 3765 780 3841 Petri
807 3765 1005 3841 doctrinae
1029 3765 1181 3866 locique
1206 3766 1344 3842 haeres
1364 3774 1436 3862 est,

199 3881 306 3981 origo
340 3887 381 3957 et
421 3882 720 3957 fundamentum
754 3881 918 3957 unitatis
950 3881 993 3958 in
1034 3907 1153 3982 grege
1186 3907 1257 3958 suo
1296 3884 1437 3960 merito

198 4006 369 4074 vocatur.
422 3997 548 4098 quue
572 4006 736 4096 apparet
759 3998 929 4075 maxime
953 3998 996 4074 in
1019 3998 1183 4075 docendi
1209 4023 1254 4075 ac
1275 4000 1438 4100 regendi

199 4120 400 4213 potestate.
453 4114 613 4189 Nemini
635 4114 741 4189 enim
765 4114 856 4191 licet
876 4122 1012 4190 contra
1031 4140 1122 4191 eum
1138 4117 1363 4191 cathedram
1387 4118 1439 4192 ad

178 4230 416 4306 ,docendum
446 4230 618 4329 erigere3
654 4230 802 4306 nemini
831 4238 986 4330 praeter
1010 4231 1095 4329 ejus
1119 4232 1362 4307 voluntatem
1392 4258 1440 4308 ea

200 4346 360 4444 aggredi
385 4372 485 4445 quae
508 4354 684 4444 spectant
708 4349 761 4422 ad
782 4373 916 4422 curam
939 4355 980 4422 et
1003 4348 1178 4447 regimen
1201 4349 1436 4424 animarum.

202 4461 349 4559 Magna
378 4461 509 4561 itaque
538 4469 598 4537 est
629 4462 813 4562 Episcopi
848 4462 1019 4562 dignitas
1047 4463 1120 4556 cui,
1151 4470 1251 4539 teste
1280 4464 1438 4564 Ignatio

129 4573 134 4582 ’
201 4575 387 4675 Martyre,
423 4578 513 4675 (Ep.
545 4579 595 4652 ad
629 4578 798 4677 Smyrn.)
832 4604 927 4676 grex
961 4602 1054 4653 suus
1088 4603 1157 4653 seu
1189 4580 1440 4678 particularis

332 4697 351 4759 8
