3142 5242
360 493 413 539 on
442 495 735 542 couu1ss1oun
764 494 1169 542 ruvnsr1asr1ou1s.
1317 480 1380 543 297

146 649 277 714 rectoris
296 648 464 717 definitiva
484 651 658 718 remotione
678 675 699 717 a
719 674 851 718 munere
872 651 907 716 in
929 674 1063 738 poenam
1084 650 1192 716 delicti
1209 651 1381 739 infligenda

145 763 270 841 agatur,
282 752 317 818 id
328 754 481 841 Episcopi
492 756 671 821 executioni
682 780 747 822 non
759 754 921 838 mandent,
933 756 997 820 nisi
1007 754 1117 820 audito
1128 754 1219 842 prius
1227 755 1380 821 Consilio.

190 875 232 922 11.
263 855 388 923 Electio
412 858 667 925 consiliariorum
695 859 841 925 facienda
860 869 909 924 est
929 858 966 922 iu
986 858 1110 945 syuodo
1134 858 1178 924 ad
1201 857 1305 923 instar
1327 858 1383 924 de-

147 961 333 1046 putationis,
348 984 404 1027 seu
425 963 575 1028 canonica
594 963 758 1029 electionis
779 962 931 1028 Indicum
953 961 1176 1048 Synodalium,
1197 962 1256 1051 qui
1277 985 1343 1028 non
1363 985 1384 1027 a

147 1065 242 1147 clero,
256 1064 312 1130 sed
333 1065 375 1130 ab
396 1066 556 1153 Episcopo
576 1066 751 1154 eliguntur,
766 1067 876 1132 audito
897 1065 1028 1154 quidem
1050 1065 1383 1131 consilioclerioorum

149 1169 183 1233 in
204 1169 338 1255 synodo,
360 1170 415 1234 etsi
435 1193 472 1234 aa
492 1171 596 1235 acuam
615 1171 676 1236 sibi
698 1172 779 1236 uoles
801 1171 882 1235 allud
909 1169 1050 1256 amplecti
1072 1177 1182 1257 posteo
1209 1169 1384 1255 Episcopus

147 1273 287 1355 aalma,
302 1283 339 1338 ut
352 1274 432 1339 bene
446 1274 595 1340 observat
608 1274 800 1340 Benedictus
811 1274 920 1341 XIV.
935 1273 986 1338 De
999 1273 1075 1358 Syn.
1087 1273 1193 1338 Dioec.
1209 1274 1229 1339 l.
1244 1291 1296 1339 1v.
1308 1295 1335 1338 c.
1351 1275 1382 1338 5.

147 1400 180 1443 u.
196 1380 227 1443 ὁ.
272 1375 363 1442 Hinc
383 1378 539 1444 absonum
559 1387 607 1444 est
628 1380 721 1444 utin
742 1402 826 1461 casu,
841 1377 961 1464 dequo
978 1376 1047 1463 agit
1068 1376 1253 1460 Instructio,
1268 1375 1384 1441 horum

148 1480 404 1547 consiliariorum
417 1481 528 1548 electio
542 1483 584 1548 ad
598 1483 718 1548 clerum
736 1483 903 1570 pertineat.

192 1584 300 1650 Extra
319 1586 481 1672 synodum
500 1585 612 1652 electio
628 1587 773 1653 alsolute
786 1587 829 1652 ad
844 1586 1041 1673 Episcopum
1056 1586 1204 1673 pertinet,
1218 1608 1315 1672 quem
1328 1583 1384 1651 de-

148 1697 207 1772 cet,
222 1698 261 1754 ut
274 1699 388 1755 votum
405 1690 515 1755 audiat
531 1691 729 1777 reliquorum
743 1690 999 1755 consiliariorum
1013 1690 1049 1754 in
1064 1709 1137 1754 casu
1151 1688 1385 1777 subrogationis

148 1791 285 1858 alicuius
298 1793 356 1880 qui
369 1793 529 1877 defecerit,
544 1802 642 1880 prout
663 1794 844 1880 Episcopus
858 1794 893 1858 in
907 1816 981 1858 <asu
996 1794 1171 1858 deficientis
1185 1792 1310 1858 Iudicis
1322 1792 1384 1879 Sy-

149 1896 275 1962 nodalis
295 1896 390 1963 debet
410 1899 566 1983 exquirere
584 1898 722 1984 captui
734 1898 904 1979 consilium,
918 1897 972 1961 sed
991 1897 1071 1961 illud
1083 1897 1170 1982 sequi
1181 1919 1246 1960 aon
1259 1903 1383 1962 tenetur.

192 2018 248 2066 111.
278 2000 408 2070 Votum
421 2025 442 2067 a
455 2002 600 2067 Consilio
614 2002 726 2066 datum
740 2011 790 2067 est
802 2024 927 2087 semper
939 2001 1167 2083 consultivum,
1183 2010 1216 2065 et
1229 1999 1385 2066 sententia

148 2102 317 2170 definitiva
339 2104 498 2193 Episcopo
519 2115 568 2170 est
587 2114 765 2187 reservata3
786 2104 916 2192 quaudo
937 2105 1023 2169 enim
1045 2126 1182 2169 canones
1195 2104 1309 2169 dicunt
1324 2102 1385 2169 ali-

149 2207 229 2295 quid
249 2208 292 2273 ab
314 2208 474 2296 Episcopo
495 2209 536 2275 de
556 2209 688 2296 capituli
710 2209 763 2275 vel
785 2209 863 2274 cleri
883 2208 1017 2273 oonsilio
1037 2207 1199 2295 agendum
1220 2230 1296 2290 esse,
1319 2230 1385 2273 non

149 2322 315 2398 propterea
350 2314 565 2378 necessitatem
594 2313 656 2400 ipsi
686 2314 847 2401 Episcopo
884 2312 1043 2377 inducunt
1079 2311 1162 2376 illud
1190 2311 1292 2398 sequi,
1321 2311 1385 2376 nisi

148 2438 295 2503 expresse
322 2415 358 2481 id
385 2427 516 2482 cautum
536 2418 589 2483 sit
634 2417 725 2482 Hinc
752 2428 835 2482 recte
861 2415 981 2482 dieitur
1009 2416 1044 2480 in
1075 2414 1300 2499 Instructioue,
1326 2415 1385 2481 hos

149 2521 347 2586 consiliarios
368 2520 523 2607 Episcopo
543 2523 579 2585 io
600 2523 703 2586 causis
716 2522 895 2608 definiendis
909 2520 1062 2584 aemilium
1077 2519 1236 2605 praebere,
1251 2519 1385 2584 minime

149 2647 227 2690 vero
254 2624 340 2711 ipsos
368 2624 520 2692 decidere.
564 2624 628 2692 Sed
657 2626 874 2712 inquisitionis
902 2633 981 2705 acta,
1003 2633 1036 2688 et
1064 2623 1175 2708 opinio
1203 2621 1338 2709 pandite
1365 2644 1385 2687 a

149 2727 339 2794 consiliariis
352 2738 400 2794 est
413 2752 537 2816 semper
551 2729 717 2795 inscrenda
734 2729 903 2816 processui.

193 2831 249 2898 Ex
263 2834 381 2920 quibus
394 2843 481 2920 patet
495 2833 633 2898 officium
649 2833 903 2898 consiliariorum
918 2830 1067 2896 iudiciale
1077 2830 1207 2918 quidem
1219 2853 1295 2914 esse,
1310 2853 1384 2896 cum

150 2936 316 3002 instructio
337 2938 381 3002 sit
401 2938 515 3002 iisdem
535 2937 711 3019 commissa,
725 2959 763 3002 ac
778 2944 932 3022 tanquam
948 2934 1136 2999 Adscssores
1152 2934 1314 3019 Episcopo
1327 2935 1384 2999 ad·

149 3040 281 3106 sistant:
298 3041 354 3106 scd
365 3050 451 3127 patet
461 3041 557 3106 etiarn
569 3040 727 3106 iudicialis
742 3050 773 3105 et
788 3038 972 3104 definitivae
986 3038 1158 3102 sententiae
1173 3036 1384 3123 prolationem

150 3142 310 3230 Episcopo
324 3167 390 3210 esse
404 3145 496 3210 unioe
510 3155 711 3210 reservatam.

192 3266 243 3314 Ν.
268 3249 331 3313 Per
342 3247 591 3313 Instructioncm
605 3248 731 3314 sublata
744 3271 810 3314 non
820 3258 866 3313 est
879 3246 1048 3333 Episcopis
1058 3243 1310 3311 extraordinaria
1320 3243 1384 3310 fao-

150 3351 233 3418 ultas
246 3351 436 3439 prooedendi
452 3352 495 3418 ad
511 3353 747 3439 suspensionem
764 3375 806 3417 ex
823 3351 995 3416 informata
1013 3350 1211 3430 conscientia,
1227 3359 1384 3435 quatenus

148 3456 353 3543 gravissimas
374 3465 407 3521 et
426 3456 592 3521 canonicas
612 3478 721 3521 clusas
741 3476 926 3520 concurrere
948 3453 983 3518 in
1004 3452 1146 3517 Domino
1160 3452 1383 3534 iudicaverint,

149 3569 206 3625 aut
230 3559 323 3647 gravi
348 3568 382 3626 et
405 3569 538 3647 urgente
562 3560 746 3625 necessitate
770 3581 829 3646 pro
854 3558 956 3624 saluts
980 3556 1170 3638 animarum,
1196 3555 1293 3621 etiam
1318 3577 1381 3620 non

149 3663 259 3729 audito
273 3664 415 3746 consilio,
431 3665 570 3729 remedio
584 3664 693 3750 aliquo
707 3662 944 3749 providendum
957 3683 1023 3725 esse
1037 3660 1225 3725 censuerint.

195 3767 351 3833 Liberum
371 3769 487 3854 cuique
508 3767 620 3832 rectori
641 3775 689 3831 est
709 3766 811 3832 alium
831 3766 1024 3831 sacerdotem
1038 3763 1079 3828 ab
1094 3763 1254 3849 Episcopo
1267 3785 1384 3849 appro-

108 3870 112 3877 ’
150 3871 294 3936 bandum
307 3893 414 3936 secum
428 3870 544 3936 habere
557 3893 664 3935 ooram
678 3868 822 3936 Consilio
835 3869 905 3934 sive
918 3867 960 3933 ad
974 3866 1152 3951 simplicem
1165 3865 1382 3931 adsistentium

150 3976 220 4041 sive
233 3975 275 4039 ad
289 3997 362 4040 suas
375 3974 665 4040 animadversiones
679 3982 735 4038 aut
748 3972 962 4038 defensionem
977 3968 1200 4035 exhibendam.

661 4125 766 4192 Ioan,
782 4125 894 4191 Cano.
911 4125 1074 4205 Srusoxr,
1091 4122 1123 4187 S.
1140 4122 1178 4188 C.
1194 4123 1383 4207 Praefectus.

153 4265 176 4317 Ι.
195 4266 225 4319 Β.
243 4267 380 4333 Aouozm,
391 4266 478 4319 Secta.
