3142 5242
164 471 206 534 66
413 486 599 533 rrrunns
628 486 803 534 run-nn
830 485 1148 533 sacrnunxrrs.

162 643 245 740 conj
253 668 302 717 ux
345 642 513 718 infidelis
556 649 722 742 nequeat
763 642 938 742 leg1time
978 638 1234 740 interpellari,
1268 664 1396 714 recur-

161 760 328 834 rendum
353 760 489 835 estad
517 760 556 834 S.
583 760 724 834 Sedem
748 785 821 859 pro
846 757 1145 858 dispensatione.

212 876 298 952 130.
326 875 547 974 Disparitas
572 876 700 951 cultus
724 876 829 952 inter
844 875 1084 974 baptizatum
1109 881 1149 950 et
1173 899 1253 950 non
1269 871 1396 972 bapti·

161 999 292 1067 zatum
326 1000 387 1068 est
419 991 745 1091 impedimentum
788 991 1082 1068 matrimonium
1116 994 1317 1080 dirimcna5
1359 996 1398 1065 et

161 1108 368 1184 diversitas
393 1108 594 1208 religionis
618 1108 722 1185 inter
746 1108 962 1207 baptizatos
986 1115 1047 1183 est
1070 1106 1397 1206 impedimentum

161 1228 366 1325 impediens.
419 1225 592 1301 Ecclesia
621 1226 726 1302 enim
756 1249 912 1324 semper
941 1232 1120 1300 aversata
1149 1230 1210 1299 est
1239 1222 1396 1322 nuptias

161 1341 265 1417 inter
292 1342 512 1417 Catholicos
545 1349 586 1418 et
619 1342 861 1436 acatholicos,
891 1349 977 1418 tum
1006 1342 1056 1417 ob
1085 1340 1322 1440 flagitiosam
1355 1338 1395 1414 in

161 1458 307 1533 divinis
331 1458 656 1552 communionem,
682 1466 768 1533 tum
794 1461 844 1535 ob
872 1457 1150 1558 gravissimum
1177 1456 1396 1556 periculum

161 1575 224 1650 vel
258 1574 520 1673 perversionis
550 1575 771 1651 Catholicae
800 1575 936 1674 partis,
966 1575 1029 1650 vel
1063 1599 1208 1673 pravae
1242 1572 1355 1648 instit
1382 1614 1395 1629 ·

161 1691 279 1765 tionis
299 1691 423 1790 prolis
443 1692 673 1768 nasciturae.
727 1692 832 1766 Hinc
856 1693 902 1766 fit
926 1698 971 1767 ut
987 1692 1142 1790 quando
1163 1691 1211 1765 de
1233 1688 1395 1788 impedi·

162 1815 293 1882 mento
310 1807 455 1883 mixtae
472 1807 673 1907 religionis
690 1808 831 1907 agitur,
851 1806 1024 1882 Ecclesia
1045 1806 1129 1882 sine
1149 1805 1262 1905 gravi
1282 1829 1397 1880 causa

161 1930 202 1999 et
221 1924 365 2023 absque
391 1923 648 2022 promissione
674 1923 884 2000 adhibendi
907 1924 1114 2017 cautiones,
1131 1921 1273 2022 quibus
1297 1920 1395 2020 peri·

161 2039 292 2115 culum
318 2065 390 2138 pro
418 2047 529 2139 parte
555 2041 754 2116 Catholica
779 2048 818 2116 et
842 2040 952 2139 prole
976 2041 1045 2114 fiat
1069 2045 1275 2133 remotum,
1301 2063 1395 2113 nun·

161 2182 279 2255 quam
297 2156 506 2254 dispenset.
558 2157 765 2232 Cautiones
788 2164 918 2231 antem
943 2162 1034 2231 sunt
1057 2162 1281 2255 sequentes:
1310 2161 1396 2246 “ut,

161 2271 317 2365 scilicet,
337 2298 414 2347 non
441 2273 567 2347 solum
587 2273 807 2348 Catholicus
833 2274 974 2370 conjux
999 2273 1048 2347 ab
1075 2270 1286 2347 acatholico
1312 2296 1396 2370 per·

161 2388 261 2463 verti
280 2414 357 2464 non
376 2396 518 2488 posset,
537 2389 631 2489 quin
653 2389 733 2463 imo
752 2389 972 2464 Catholicus
997 2388 1082 2486 ipsc
1107 2387 1248 2486 conjux
1272 2386 1397 2462 teneri

162 2529 203 2580 se
233 2504 348 2580 sciret
381 2508 432 2581 ad
467 2505 721 2580 acatholicum
757 2530 829 2604 pro
859 2504 1007 2580 viribus
1038 2505 1087 2579 ab
1117 2528 1248 2579 errore
1277 2510 1397 2578 retra·

161 2621 358 2715 bendum3
402 2646 538 2697 verum
578 2621 707 2713 etiam,
745 2628 788 2697 ut
821 2621 1005 2697 universa
1040 2619 1242 2719 utriusque
1284 2645 1398 2696 sexus

162 2737 291 2836 proles
308 2763 356 2812 ex
374 2737 507 2812 mixtis
525 2737 629 2812 hisce
650 2737 911 2812 matrimoniis
932 2739 1178 2836 procreanda,
1197 2736 1240 2810 in
1257 2736 1396 2811 sancti·

161 2861 241 2929 tate
259 2853 479 2929 Catholicae
495 2853 696 2952 religionis
714 2853 868 2929 educari
893 2853 1051 2929 omnino
1069 2854 1236 2930 deberet
1290 2853 1398 2945 Quae

162 2969 319 3067 quidem
345 2969 541 3045 cautiones
567 2970 714 3045 remitti
741 2996 809 3045 seu
835 2969 1053 3068 dispensari
1083 2995 1285 3069 nunquam
1311 2997 1397 3071 pos·

162 3092 263 3178 sunt,
292 3110 379 3160 cum
415 3085 456 3160 in
487 3086 573 3184 ipsa
607 3086 777 3162 naturali
812 3112 856 3161 ac
886 3086 1020 3161 divina
1053 3086 1138 3185 lege
1173 3088 1398 3181 fundentur,

162 3227 280 3300 quam
307 3202 479 3276 Ecclesia
504 3211 543 3278 et
572 3204 666 3278 haec
691 3204 832 3278 Sancta
857 3204 976 3278 Sedes
1002 3211 1148 3277 sartam
1178 3211 1398 3304 tectamque

162 3317 286 3393 teneri
311 3318 417 3394 omni
443 3319 572 3394 studio
598 3320 807 3414 contendit,
834 3327 873 3395 et
898 3327 1031 3394 contra
1057 3345 1173 3418 quam
1206 3319 1292 3396 sine
1318 3321 1397 3395 ullo

163 3434 280 3510 dubio
309 3435 538 3532 gravissime
566 3443 735 3535 peccant,
764 3436 831 3535 qui
859 3435 1089 3535 promiscuis
1117 3435 1222 3511 hisce
1250 3436 1398 3535 nuptiis

162 3556 307 3625 temere
333 3552 616 3645 contrahendis,
635 3578 676 3627 se
702 3579 747 3627 ac
769 3554 920 3652 prolem
946 3551 1085 3627 exinde
1110 3552 1397 3651 suscipiendam

164 3666 423 3764 perversionis
449 3668 620 3766 periculo
647 3669 931 3744 committunt.''
988 3668 1118 3766 (Instr.
1146 3670 1195 3744 dc
1221 3668 1397 3743 Matrim.

164 3781 301 3856 Mixtis
327 3785 377 3858 ad
404 3809 537 3859 omnes
563 3785 772 3884 Archiepp.
799 3793 882 3878 etc,
909 3785 973 3860 die
999 3786 1049 3859 15
1073 3783 1175 3860 Nor.
1204 3784 1345 3885 1858.¹)

215 3900 298 3973 131.
326 3898 415 3974 Hae
431 3906 562 3975 tamen
588 3901 785 3976 cautiones
811 3900 966 3976 nonnisi
983 3895 1220 3977 conditionem
1235 3905 1314 3978 sine
1329 3928 1400 4001 qua

163 4039 235 4088 non
263 4014 525 4109 constituunt3
561 4018 630 4091 sed
658 4042 814 4092 causam
844 4016 1071 4116 requisitam
1105 4042 1184 4091 non
1215 4016 1401 4092 exhibent

165 4131 215 4204 ad
240 4129 490 4205 obtinendam
515 4157 587 4230 pro
614 4132 747 4208 mixtis
770 4131 1030 4208 matrimoniis
1053 4131 1398 4229 dispensationem.

166 4245 294 4333 Quare
321 4248 371 4321 ad
401 4247 500 4321 hanc
524 4250 807 4323 concedendam
833 4248 995 4322 minime
1020 4247 1161 4323 sufficit
1190 4256 1236 4323 ut
1264 4248 1399 4348 sponsi

166 4359 255 4434 illas
280 4361 475 4436 cautiones
500 4364 708 4439 admittere
732 4363 859 4462 parati
885 4363 986 4456 sint3
1021 4365 1090 4439 sed
1115 4363 1278 4463 insuper
1294 4367 1401 4465 justa

163 4480 347 4574 prunisque
380 4503 488 4551 causa
525 4484 697 4554 aaronica
733 4479 891 4553 omnino
926 4479 1160 4577 requiritur;
1204 4480 1289 4555 sine
1323 4506 1400 4579 qua

201 4639 296 4707 ¹Apud
308 4643 336 4693 C.
350 4642 424 4694 Plen.
437 4643 506 4694 Balt.
520 4644 567 4709 11,
580 4644 607 4695 in
620 4645 782 4711 Appendice.
