3142 5242
479 441 533 485 nn
562 440 863 488 sr1sceroseu
891 442 1096 490 err1c11s.
1340 428 1402 488 155

168 601 264 688 tant,
279 621 356 694 que
372 594 597 671 firmissima
614 604 653 672 et
670 598 719 671 ab
736 595 843 671 omni
860 596 1031 696 periculo
1045 622 1179 672 secura
1190 597 1399 674 transactio

169 711 230 786 sit.
282 710 332 786 In
358 711 539 787 omnibus
563 711 651 788 istis
676 713 792 788 rebus
815 712 921 788 vires
945 711 988 788 in
1008 713 1099 811 jure
1124 714 1270 813 peritos
1295 713 1399 789 etin

167 826 381 902 tractandis
405 827 572 926 negotiis
596 827 882 904 versatissimes
906 829 1106 904 consulere
1127 852 1197 904 nec
1214 827 1398 928 Episcopi

167 967 238 1018 nee
253 944 470 1018 sacerdotes
487 945 712 1020 detrectent.

174 1049 178 1060 ’
216 1060 303 1137 271.
355 1059 498 1135 “Nihil
532 1061 637 1136 enim
671 1061 911 1161 frequentius
949 1061 991 1138 in
1025 1070 1201 1138 veterum
1236 1062 1399 1139 Patrum

167 1176 332 1276 scriptis,
354 1176 549 1276 sacrisque
572 1177 832 1253 Oencilierum
857 1185 896 1254 et
919 1178 1113 1254 Ecclesiae
1137 1179 1399 1255 sanctionibus

76 1375 79 1379 ¹
167 1293 321 1392 legitur,
346 1318 464 1393 quam
498 1293 654 1389 scrinia,
680 1293 887 1388 tabularia,
913 1294 1083 1388 archiva,
1112 1295 1329 1371 conditoria
1361 1304 1400 1371 et

167 1408 347 1503 armaria,
368 1435 393 1485 a
416 1417 639 1508 temporum
662 1418 779 1510 atque
803 1409 1008 1487 hominum
1029 1409 1177 1510 injuria
1198 1412 1399 1488 servandis

165 1550 297 1600 rerum
348 1533 546 1625 gestarum
597 1525 849 1620 documentis,
900 1526 1056 1621 chartis,
1107 1527 1398 1626 diplomatibus,

165 1642 360 1746 codicibus
411 1642 756 1743 instrumentisque
801 1650 1031 1737 constructa,
1076 1645 1180 1720 unde
1224 1645 1321 1719 fides
1360 1652 1400 1720 et

166 1759 310 1833 veritas
335 1783 466 1834 rerum
493 1761 544 1835 ad
569 1784 830 1835 successorum
852 1759 1160 1836 recordationem
1185 1759 1398 1835 transmitti

166 1881 307 1972 posset.
360 1874 399 1950 N
400 1900 442 1950 ec
465 1882 621 1950 tantum
638 1883 790 1951 veteres
813 1874 972 1975 quidem
1000 1875 1170 1951 Romani
1193 1875 1399 1952 Pontifices

166 2000 425 2068 antecessores
459 1990 594 2066 Nostri
628 1990 867 2091 singularem
902 1992 1002 2067 hanc
1035 1992 1324 2091 providentiam
1357 1993 1398 2067 in

96 2183 106 2195 ,
165 2108 428 2183 custodiendis
463 2106 654 2206 ejusmodi
688 2106 784 2183 actis
818 2115 858 2183 et
891 2107 1153 2184 monumentis
1186 2107 1398 2184 identidem

166 2225 429 2317 ostenderunt,
453 2226 521 2300 sed
546 2231 761 2299 ceterarum
787 2249 940 2324 queque
964 2223 1212 2300 ecclesiarum
1237 2224 1398 2324 pasteri-

165 2339 238 2415 bus
263 2347 396 2415 tantae
421 2340 479 2415 rei
503 2340 676 2438 gravitas
699 2340 869 2415 maxime
893 2339 1084 2432 innetuit;
1119 2351 1400 2439 proptereaque

165 2481 296 2532 rerum
327 2456 402 2532 sibi
435 2456 669 2532 creditarum
704 2463 822 2531 testes
856 2455 990 2531 literas
1020 2458 1071 2532 ad
1104 2456 1399 2531 instructionem

164 2574 386 2648 futurorum
420 2598 574 2648 summa
607 2573 683 2648 fide
716 2570 864 2648 servari
898 2572 1118 2666 voluerunt,
1153 2571 1299 2672 quippe
1332 2573 1399 2673 qui

165 2690 285 2788 prebe
303 2696 460 2786 nossent
478 2695 645 2788 quantae
662 2688 753 2764 inde
770 2687 960 2764 utilitates
977 2688 1218 2763 manarent.’'
1261 2689 1399 2788 (Bene-

165 2808 256 2882 dict.
275 2805 397 2880 XIII.
415 2806 588 2881 Meatme
609 2807 808 2904 eipilcetic,
827 2805 877 2879 14
899 2804 1010 2879 Iunii
1031 2805 1159 2904 1727.)
1206 2804 1399 2881 Volumus

165 2922 296 3022 itaque
329 2928 374 2997 ut
412 2921 557 3021 singuli
592 2919 775 3020 Episcopi
808 2919 850 2995 in
884 2920 967 2996 lece
1001 2927 1086 2996 tute
1120 2946 1165 2997 ae
1197 2923 1399 2997 commode

165 3039 368 3114 archivum
397 3063 467 3114 seu
490 3037 728 3113 tabularium
758 3037 1027 3113 dioecesanum
1058 3036 1221 3135 erigant,
1251 3036 1292 3112 in
1323 3062 1399 3136 que

166 3154 426 3230 instrumenta
452 3161 491 3229 et
515 3153 729 3251 scripturae
754 3177 853 3252 quae
883 3153 1038 3253 negotia
1063 3153 1290 3229 dioecesana
1313 3161 1399 3229 tum

165 3270 397 3370 temporalia
413 3295 502 3346 cum
519 3268 740 3369 spiritualia
757 3276 943 3368 spectant,
956 3269 972 3368 j
978 3277 1071 3344 uxta
1088 3275 1259 3344 mentem
1276 3269 1398 3344 Bene·

166 3386 260 3464 dieti
289 3387 411 3463 XIII.
446 3392 486 3461 et
515 3410 693 3461 normam
726 3410 751 3460 a
784 3386 822 3461 S.
853 3385 895 3460 C.
926 3386 1038 3460 Cone.
1070 3385 1280 3460 statutam¹
1310 3393 1399 3484 apte

165 3504 355 3603 disposita
392 3510 432 3579 et
468 3503 676 3601 diligenter
713 3502 845 3577 clausa
882 3501 1159 3577 custodiantur.
1236 3501 1400 3576 Archivi

165 3646 258 3696 cura
282 3619 429 3695 credita
453 3618 506 3695 sit
530 3624 683 3717 oportet
707 3616 947 3710 cancellarie,
970 3617 1080 3715 cujus
1106 3617 1265 3693 sedulus
1290 3618 1401 3692 labor

166 3738 336 3812 multum
352 3736 459 3811 valet
483 3734 524 3809 in
551 3732 716 3833 negotiis
741 3732 978 3809 dioecesanis
1003 3733 1124 3831 prebe
1150 3758 1194 3808 ac
1219 3740 1401 3831 prompte

166 3852 428 3951 expediendis.

216 3971 301 4045 272.
336 3969 435 4044 Cum
460 3969 650 4044 benorum
674 3965 988 4043 dioecesanorum
1011 3966 1136 4042 tutela
1160 3973 1200 4041 et
1224 3964 1401 4064 superior

167 4084 454 4162 administratio
465 4085 581 4184 juxta
593 4108 722 4159 saeros
734 4107 900 4157 canones
913 4081 1106 4180 Episcopo
1120 4082 1336 4175 conveniat,
1351 4083 1401 4157 ad

167 4201 292 4300 ipsius
324 4226 467 4277 munus
500 4200 671 4300 pertinet
701 4197 921 4296 invigilare,
956 4205 1001 4273 ut
1031 4197 1074 4272 in
1110 4197 1277 4296 singulis
1306 4197 1400 4272 leeis

167 4343 261 4393 suae
270 4315 534 4416 jurisdictioni
547 4313 729 4413 subjectis
741 4314 844 4389 bena
856 4313 1112 4389 ecclesiastica
1125 4322 1240 4409 caute
1249 4313 1400 4411 sapien·

166 4440 302 4533 terque
325 4432 658 4508 administrentur.
711 4429 847 4528 Neque
869 4429 964 4504 haee
982 4429 1187 4529 vigilantia
1208 4429 1251 4504 in
1269 4428 1400 4504 visita·

202 4600 271 4668 ¹ap.
282 4600 382 4665 taur,
395 4600 413 4652 1.
425 4619 447 4652 ο.
459 4618 484 4668 p.
497 4574 553 4651 ier.
