3142 5242
238 455 304 519 300
734 469 978 518 sperauerat.

233 635 312 693 tunc
324 626 412 712 apud
434 626 537 713 ipsam
556 626 756 714 comprobari
775 623 870 692 debet
887 625 992 713 culpa,
1008 649 1090 714 quae
1103 625 1206 693 eidem
1219 628 1371 715 praebuit
1389 653 1478 696 ocra-

234 731 367 797 sionem.
412 728 607 796 Consultum
621 730 739 796 idcirco
752 731 824 814 erit,
838 738 876 796 ut
889 739 1059 818 antequam
1080 729 1158 796 haec
1178 754 1282 818 poena
1294 732 1477 820 infligatur,

233 834 437 922 probationes
457 833 558 917 illius,
579 833 789 921 quantumvis
816 832 1100 900 exuaiudicialiser
1120 843 1153 900 et
1173 845 1293 901 acerem
1319 837 1477 923 colligun-

233 945 307 1019 tur;
328 937 375 1003 ita
388 945 477 1004 uteo
491 938 572 1025 ipso,
586 938 762 1025 quodcum
776 937 866 1003 omni
879 936 1069 1003 certitudine
1081 937 1314 1024 culpabilitatis
1328 940 1364 1005 in
1379 941 1478 1027 puni·

232 1042 321 1107 tione
342 1041 509 1108 inferenda
530 1041 723 1129 proceditur,
744 1041 773 1107 si
794 1040 942 1128 deinceps
963 1064 1057 1107 causa
1078 1042 1293 1109 examinanda
1315 1053 1366 1110 est
1388 1044 1478 1130 apud

233 1145 456 1231 Apostoliccm
479 1145 605 1230 Sedem,
626 1146 828 1233 probationes
851 1145 996 1212 criminis
1021 1146 1056 1211 in
1080 1168 1133 1212 eas
1156 1144 1363 1213 difficultates
1390 1147 1480 1213 baud

233 1249 425 1337 impingant,
440 1272 522 1338 quae
536 1257 574 1315 ut
587 1249 764 1337 plurimum
778 1259 950 1316 occurrunt
963 1251 999 1314 in
1012 1249 1193 1317 istiusmodi
1208 1251 1349 1318 iudiciis.

278 1356 330 1420 11.
360 1353 395 1420 A
419 1354 545 1420 decreto
568 1354 785 1441 suspensionis
808 1376 850 1419 ex
874 1353 1048 1440 informata
1070 1355 1260 1421 conscientia
1283 1378 1354 1422 non
1378 1356 1480 1423 datur

232 1457 406 1545 appellatio
419 1457 462 1524 ad
482 1457 626 1524 tribuual
639 1458 812 1545 superioris
825 1457 957 1524 ordinis.
1003 1458 1178 1545 Postquam
1200 1458 1321 1526 idcireo
1342 1460 1480 1526 clericus

232 1563 467 1628 intimationem
495 1562 712 1649 suspensionis
740 1561 898 1646 habuerit,
923 1562 952 1627 si
981 1562 1194 1628 nihilominus
1220 1563 1480 1649 appellationem

231 1666 442 1753 interponere,
463 1666 596 1754 eiusque
619 1666 753 1733 obtentu
774 1667 809 1730 in
830 1665 925 1731 altari
949 1666 1140 1749 ministrare,
1159 1689 1215 1732 seu
1235 1668 1358 1753 quovis
1379 1669 1480 1736 modo

232 1791 328 1835 suum
357 1769 502 1835 ordinem
537 1769 723 1835 solemniter
750 1791 895 1835 exeruere
926 1778 1116 1856 praesumat,
1145 1771 1254 1834 statim
1284 1770 1405 1837 incidit
1443 1773 1478 1838 in

231 1872 510 1960 irregularitatem.

277 1979 330 2044 12.
358 1975 492 2065 Semper
504 1985 612 2043 tamen
626 1985 713 2064 patet
733 1975 841 2043 aditus
853 1976 895 2042 ad
909 1977 1130 2064 Apostolicam
1144 1977 1279 2060 Sedem3
1300 1989 1336 2045 et
1350 1980 1388 2046 in
1402 2003 1479 2046 essu

230 2104 297 2169 quo
310 2081 441 2147 clericus
455 2081 575 2168 absque
594 2080 815 2147 sufficientiae
828 2081 1012 2147 rationabili
1026 2105 1121 2147 eausa
1141 2105 1175 2147 se
1195 2082 1255 2147 hac
1269 2106 1377 2169 poena
1390 2085 1478 2150 mul-

231 2192 335 2250 tatum
355 2194 491 2271 reputet,
512 2206 672 2250 recurrere
692 2184 812 2271 poterit
830 2182 873 2249 ad
894 2183 1067 2249 Summum
1088 2184 1286 2252 Pontificem.
1334 2186 1478 2253 Interim

230 2288 386 2354 tamenin
402 2289 513 2376 vigore
532 2297 697 2375 permanet
716 2286 879 2353 decretum
899 2289 1115 2374 suspensionis
1136 2288 1332 2376 usquedum
1346 2291 1478 2378 abipso

231 2391 397 2476 Pontifice,
412 2391 465 2459 vel
479 2415 500 2457 a
513 2390 546 2459 S.
563 2391 825 2479 Congregatione,
839 2414 921 2479 quae
933 2392 975 2457 de
988 2414 1117 2457 recursu
1132 2391 1272 2458 iudicare
1284 2393 1393 2477 debet,
1409 2417 1477 2461 non

232 2495 329 2562 fuerit
341 2496 509 2561 rescissum
523 2496 690 2562 autetiam
705 2493 915 2562 moderatum.

276 2602 328 2667 13.
355 2599 508 2667 Ceterum
521 2622 562 2664 ex
576 2622 641 2687 quc
656 2597 836 2664 istiusmodi
851 2621 953 2686 poena
966 2608 1015 2665 est
1028 2600 1205 2666 remedium
1216 2603 1352 2668 omniuo
1366 2613 1477 2670 extra·

230 2702 438 2786 ordinarium,
450 2703 537 2791 quod
553 2703 738 2790 praesertim
751 2702 794 2768 ad
808 2703 1023 2788 expiationem
1038 2703 1209 2769 criminum
1223 2705 1346 2791 absque
1360 2705 1478 2772 formis

230 2807 407 2872 iudiciariis
427 2808 608 2891 adhibetur,
630 2830 707 2893 prae
728 2807 830 2872 oeulis
851 2806 990 2872 habeant
1012 2807 1154 2873 Praelati
1176 2809 1212 2874 id
1233 2810 1321 2895 quod
1345 2813 1478 2897 sapien-

229 2911 351 2977 tissime
371 2911 522 2977 admonet
542 2911 697 2977 Summus
718 2910 873 2975 Pontifex
897 2933 923 2977 s.
948 2934 992 2977 m.
1014 2910 1208 2976 Benedictus
1230 2912 1339 2981 XIV.
1357 2914 1394 2978 in
1416 2938 1478 2981 suo

230 3024 368 3081 tractatu
388 3015 428 3079 de
447 3015 573 3100 Spnodc
595 3015 742 3097 Dioecee,
758 3015 779 3081 l.
794 3032 863 3080 x11.
878 3038 904 3081 c.
921 3019 953 3081 8.
970 3038 1003 3081 a.
1020 3019 1062 3097 6.,
1077 3014 1165 3102 quod
1186 3016 1343 3081 nimirum
1368 3041 1479 3105 repre-

230 3118 397 3184 hensibilis
412 3118 494 3185 foret
508 3119 696 3206 Episcopus,
711 3118 739 3183 si
753 3118 789 3182 in
802 3141 860 3183 sua
876 3119 1000 3205 synodo
1015 3119 1198 3202 declararet,
1213 3143 1247 3185 se
1261 3120 1417 3208 deinceps
1435 3147 1478 3189 ex

230 3223 357 3309 privata
370 3232 497 3288 tantum
511 3223 643 3288 scicntia
661 3245 735 3287 cum
748 3246 852 3309 poena
864 3205 1080 3308 suspensionis
1093 3246 1114 3288 a
1127 3224 1250 3289 divinis
1263 3226 1477 3292 animadver-

230 3349 342 3391 surum
356 3327 391 3391 in
406 3327 544 3411 elericos,
555 3350 636 3415 quos
649 3328 790 3413 graviter
800 3326 973 3413 deliquisse
982 3329 1180 3413 compererit,
1192 3331 1344 3414 quamvis
1358 3353 1478 3397 eorum

230 3430 384 3495 delictum
399 3454 464 3495 non
478 3433 580 3517 possit
600 3432 636 3496 in
658 3431 729 3496 foro
751 3439 883 3494 externo
901 3431 1126 3496 concludenter
1148 3432 1289 3517 probari,
1304 3443 1365 3497 aut
1388 3436 1479 3502 illud

230 3557 295 3599 non
309 3534 460 3620 expediat
474 3535 509 3599 in
523 3535 662 3599 aliorum
677 3535 824 3599 notitiam
839 3534 1004 3600 deducere.

274 3637 396 3703 Itomae
410 3661 451 3702 ex
466 3638 611 3703 Aedibus
626 3639 660 3704 S.
676 3637 714 3703 O.
729 3636 770 3701 de
784 3637 883 3723 Prop.
899 3637 983 3703 Fide
997 3638 1049 3703 die
1065 3642 1106 3704 20
1122 3639 1273 3704 Octobris
1291 3645 1394 3708 1884.
