3142 5242
433 517 487 563 na
518 518 733 566 narmsuo
763 519 815 565 nr
844 519 1138 589 arararuoaro.
1338 502 1403 565 245

211 673 263 740 ΙΙ.
294 673 454 740 Dubium:
491 674 613 741 Utrum
636 676 850 741 iuramentum
872 676 1089 742 Massouicum
1112 699 1177 742 non
1199 685 1401 740 retractatum

165 777 357 843 considerari
376 786 409 843 et
425 778 554 844 tractari
573 780 675 866 pomit
688 779 740 847 vcl
755 779 867 846 debeat
881 779 923 846 ad
943 781 1043 846 instar
1058 779 1276 867 impedimenti
1292 779 1403 844 matri-

167 883 311 947 monium
333 883 536 969 impedientis
559 893 617 948 aut
641 885 738 949 etiam
762 883 943 950 dirimentis
954 910 965 967 ;
1000 894 1033 950 et
1053 908 1135 972 quae
1155 883 1295 949 cautelae
1315 882 1402 970 exigi

165 986 301 1052 debeant
314 996 351 1051 ut
366 987 606 1052 matrimonium
622 987 747 1073 puellae
760 987 931 1054 catholicae
945 1012 1018 1053 cum
1029 989 1101 1054 viro
1116 988 1403 1054 Francomuratore

166 1090 280 1173 iurato,
296 1090 383 1154 licite
396 1101 453 1156 aut
466 1091 562 1155 etiam
577 1090 684 1156 valide
698 1115 717 1156 a
731 1092 869 1178 parocho
883 1091 1026 1157 benedici
1040 1093 1148 1178 possit.

460 1281 570 1343 Faara
590 1282 649 1344 IV.
670 1285 787 1343 amal
810 1283 1002 1345 Fasauarur
1026 1286 1111 1344 1883.

210 1445 253 1512 In
269 1446 522 1534 congregatione
534 1446 674 1534 generali
688 1447 722 1513 S.
735 1447 776 1512 R.
792 1458 824 1512 et
838 1447 1041 1513 Universalis
1053 1447 1280 1534 *Inquisitionis
1293 1446 1403 1512 habita

165 1573 272 1617 coram
295 1550 398 1616 Emis.
420 1573 458 1616 ac
479 1550 584 1616 Rmis,
606 1549 685 1617 DD.
708 1550 740 1617 S.
765 1550 807 1616 R.
831 1550 872 1617 E.
896 1551 1122 1617 Cardinalibus
1148 1552 1182 1615 in
1207 1551 1302 1616 rebus
1327 1549 1401 1615 fidei

164 1654 367 1743 generalibus
385 1654 629 1741 inquisitoribus
643 1655 816 1741 propositis
829 1655 938 1719 dubiis
952 1655 1050 1720 iidem
1066 1655 1153 1720 Emi.
1169 1678 1206 1720 ao
1220 1654 1308 1720 Rmi.
1323 1653 1401 1719 DD.

166 1758 352 1845 praehabito
365 1769 444 1825 voto
462 1756 540 1824 DD.
558 1757 787 1824 Consultatum
806 1757 1015 1824 decreverunt
1034 1757 1289 1845 respondendum
1307 1765 1404 1843 prout

166 1863 320 1950 sequitur,
335 1862 435 1928 idest:
1079 1906 1083 1910 .

209 1965 266 2032 Ad
292 1965 324 2032 Ι.
346 1965 508 2032 Dubium.-
543 1967 638 2032 detur
662 1967 826 2032 decretum
852 1966 910 2033 fer.
933 1985 985 2034 IV.
1009 1970 1052 2033 20
1078 1967 1274 2037 Novembris
1296 1970 1382 2034 1878
1393 1992 1403 2050 ;

165 2071 271 2157 quoad
299 2070 569 2159 irregularitatem
597 2093 676 2137 vero
704 2071 797 2136 iuxta
828 2071 973 2158 exposita
1004 2094 1070 2137 non
1102 2070 1200 2136 fuisse
1233 2071 1402 2137 incursum.

166 2173 338 2240 Decretum
360 2183 468 2240 autem
493 2173 590 2240 feriae
614 2193 666 2240 Ν.
689 2177 732 2240 20
758 2175 954 2240 Novembris
981 2178 1078 2259 1878,
1099 2175 1161 2239 hoc
1184 2184 1254 2257 est3
1286 2174 1406 2240 scilicet

164 2277 394 2365 —Proposito
414 2277 514 2343 dubio
533 2288 644 2343 utrum
659 2278 797 2344 confmri
816 2278 929 2344 debeat
947 2278 1125 2365 baptismus
1144 2279 1206 2344 sub
1224 2277 1406 2345 conditione

104 2388 106 2392 ’
165 2381 329 2448 haereticis
349 2383 407 2469 qui
428 2368 471 2447 ad
492 2382 680 2456 catholicam
701 2381 798 2448 fidem
819 2391 1051 2448 convertuntur
1075 2405 1093 2448 e
1114 2405 1316 2470 quocumque
1335 2382 1406 2449 loco

166 2487 357 2573 proveniant
384 2495 417 2552 et
444 2485 487 2552 ad
514 2509 751 2575 quamcumque
779 2496 896 2552 sectam
924 2487 1164 2573 pertineant-
1178 2486 1266 2552 Emi.
1293 2486 1406 2552 Patres

166 2591 456 2678 responderunt-
470 2590 647 2678 Negative:
669 2590 732 2656 Sed
751 2590 787 2655 in
807 2591 1012 2656 conversione
1033 2590 1262 2656 haereticorum
1284 2613 1304 2656 a
1325 2612 1406 2678 quo-

165 2718 302 2782 cumque
327 2695 397 2760 loco
418 2694 472 2762 vel
497 2717 517 2759 a
541 2717 742 2782 quacumque
767 2704 851 2761 secta
871 2695 1020 2761 venerint
1045 2693 1273 2782 inquirendum
1298 2703 1346 2760 est
1366 2694 1407 2761 de

166 2798 334 2865 validitate
352 2798 505 2885 baptismi
527 2798 562 2862 in
584 2798 706 2864 haeresi
725 2799 872 2886 suscepti.
918 2798 1074 2864 Instituto
1093 2799 1195 2885 igitur
1214 2799 1249 2864 in
1270 2799 1407 2887 singulis

166 2903 289 2968 casibus
302 2903 459 2987 examine,
474 2902 502 2968 si
516 2913 715 2990 compertum
735 2902 833 2969 fuerit
850 2912 908 2969 aut
927 2903 1066 2987 nullum,
1081 2912 1138 2968 aut
1157 2903 1291 2968 nulliter
1308 2903 1406 2970 colla-

166 3016 236 3072 tum
258 3008 364 3090 fuisse,
385 3006 571 3093 baptizandi
592 3016 687 3072 erunt
707 3007 873 3073 absolute:
904 3008 940 3073 Si
961 3017 1069 3072 autem
1091 3031 1151 3094 pro
1171 3018 1353 3094 temporum
1374 3016 1407 3073 et

167 3111 309 3177 locorum
323 3112 454 3194 ratione,
470 3111 715 3199 investigatione
733 3120 868 3199 peracta,
883 3112 968 3176 nihil
982 3111 1052 3178 sive
1071 3135 1131 3199 pro
1145 3110 1322 3196 validitate,
1337 3113 1407 3179 sive
1476 3125 1478 3129 ’

167 3239 226 3302 pro
243 3214 443 3281 invaliditate
462 3214 637 3302 detegatur,
652 3225 710 3281 aut
727 3215 834 3281 adhuc
853 3215 1020 3303 probabile
1038 3214 1174 3280 dubium
1193 3215 1235 3280 de
1254 3215 1406 3303 baptismi

167 3318 333 3386 validitate
347 3320 493 3406 supersit,
508 3329 586 3384 tunc
599 3320 660 3384 sub
674 3319 856 3385 conditione
874 3329 993 3385 secreto
1007 3319 1217 3406 baptizentur.
1263 3318 1405 3385 Demum
1515 3329 1518 3333 '

166 3424 195 3489 si
209 3424 384 3489 constiterit
398 3424 546 3490 validum
560 3423 668 3508 fuisse,
683 3422 856 3510 recipiendi
870 3431 966 3488 erunt
984 3423 1207 3489 tantummodo
1221 3423 1262 3488 ad
1277 3424 1406 3490 abiura-

166 3529 287 3593 tionem
301 3551 356 3593 seu
371 3527 599 3615 professionem
615 3528 699 3594 fidei.

211 3631 267 3698 Ad
289 3631 341 3698 ΙΙ.
355 3631 518 3697 Dubium·
546 3631 646 3713 Quod
667 3633 783 3698 attinet
795 3633 836 3699 ad
852 3633 1103 3716 matrimonium,
1120 3633 1153 3696 in
1169 3656 1234 3720 quo
1249 3657 1315 3699 una
1328 3658 1404 3700 con-

166 3736 362 3802 trahentium
381 3759 456 3823 pars
473 3736 678 3802 clandestinis
696 3737 976 3825 aggregationibus
990 3737 1113 3802 notorie
1132 3736 1290 3821 adhaeret,
1304 3738 1406 3804 donec

169 3840 355 3927 Apostolica
368 3839 464 3905 Sedes
477 3840 623 3928 generale
636 3840 799 3906 decretum
813 3840 872 3906 hac
886 3840 921 3904 in
940 3864 975 3906 rc
989 3864 1055 3905 non
1069 3840 1214 3924 ediderit,
1230 3851 1355 3928 oportet
1368 3852 1405 3908 ut

167 3954 307 4032 pastores
327 3954 419 4010 caute
438 3967 477 4009 ac
496 3943 671 4032 prudenter
695 3967 729 4010 se
753 3954 875 4033 gerant,
898 3956 930 4010 et
951 3945 1068 4011 debent
1088 3945 1195 4032 potius
1220 3945 1256 4011 in
1281 3946 1405 4012 casibus

138 4118 144 4131 ⁸
167 4048 413 4135 particularibus
434 4071 472 4114 ea
491 4057 637 4132 statuere,
652 4071 734 4136 qnae
748 4049 851 4135 magis
867 4049 903 4114 in
918 4048 1063 4116 Domino
1077 4049 1227 4135 expedire
1243 4050 1404 4116 iudicave-

168 4153 244 4237 rint,
259 4176 356 4240 quam
369 4152 509 4240 generali
525 4153 637 4240 regula
649 4152 772 4240 aliquid
787 4152 962 4220 decernere.
1006 4153 1151 4219 Omnino
1161 4177 1238 4219 vero
1253 4153 1404 4220 excluda-

168 4266 224 4321 tur
246 4255 415 4323 celebratio
439 4256 584 4322 sacrificii
612 4258 727 4322 missae
752 4257 814 4322 nisi
840 4258 970 4344 quando
998 4257 1112 4345 gmvia
1136 4257 1287 4323 adiuncta
1311 4257 1405 4324 aliter

167 4360 310 4447 exigant.

550 4514 581 4582 I.
598 4516 744 4581 PELAMI
758 4517 790 4581 S.
808 4517 851 4582 R.
868 4524 894 4581 ct
917 4517 953 4582 U.
969 4517 1184 4602 Inquisitimiia
1197 4517 1359 4584 Notarius.

1280 4712 1509 4896 F
