3142 5242
402 493 458 540 66
486 493 761 541 6666166611
790 493 1093 542 6166666666.
1323 477 1365 541 63

129 649 270 725 sufficit
294 647 541 747 investigatio
568 674 675 724 mere
698 616 891 748 generalis
921 651 970 724 de
999 647 1276 724 consuetudine
1300 648 1363 723 vel

128 764 241 864 praxi
259 765 479 864 aliquarum
497 773 701 855 sectarum,
719 791 790 865 per
806 792 925 865 quam
941 763 1077 840 haberi
1100 771 1231 864 posset
1254 789 1362 863 prae·

130 882 302 980 sumptio
320 884 369 958 de
391 883 532 958 collato
549 882 613 958 vel
637 908 715 957 non
738 883 879 959 collato
896 882 1101 982 Baptismo
1119 888 1188 956 aut
1209 883 1258 957 de
1281 881 1365 980 ejus

129 998 333 1074 validitate
357 999 420 1074 vel
452 999 653 1092 nullitate;
688 1000 768 1093 sed,
794 1007 985 1099 quantum
1018 998 1203 1098 possibile
1236 997 1364 1093 fuerit,

128 1115 405 1214 inquirendum
444 1123 504 1191 est
535 1115 577 1192 in
612 1115 855 1215 singulorum
889 1115 1175 1216 neophytorum
1210 1114 1363 1213 Baptis-

129 1257 251 1325 mum,
282 1240 328 1308 ut
359 1233 591 1324 obtineatur,
621 1233 748 1332 qualis
781 1231 822 1307 iu
857 1257 950 1308 casu
982 1232 1117 1307 haberi
1146 1241 1273 1331 queat,
1301 1232 1364 1307 vel

129 1348 319 1425 certitudo
336 1350 400 1424 vel
419 1349 686 1448 probabilitas,
703 1374 769 1424 eos
786 1348 906 1425 fuisse
922 1349 985 1424 vel
1005 1374 1082 1424 non
1099 1348 1219 1424 fuisse
1236 1347 1365 1423 valide

129 1464 356 1564 baptizatos.
413 1465 534 1541 Facta
561 1465 871 1565 investigatione,
896 1465 1141 1564 recipiendus
1171 1465 1247 1540 erit
1275 1489 1364 1541 neo·

128 1606 336 1657 conversus
365 1581 480 1681 juxta
509 1583 670 1658 modum
695 1582 933 1681 descriptum
963 1582 1006 1657 in
1036 1581 1296 1658 Instructione
1325 1582 1363 1657 S.

130 1697 253 1774 Officii
278 1697 372 1773 anni
400 1700 499 1774 1859
523 1725 642 1799 quam
666 1697 802 1774 videre
825 1706 886 1775 est
913 1698 956 1774 in
986 1699 1089 1774 calce
1118 1700 1231 1774 Oonc.
1259 1699 1364 1774 Balt.

130 1815 239 1891 Pleu.
274 1815 343 1910 IL,
378 1822 418 1891 et
458 1815 500 1890 16
543 1815 654 1890 libris
693 1815 917 1892 Ritualibus
950 1815 1216 1891 communiter.
1281 1816 1364 1891 ufr.

131 1931 387 2032 responsiones
417 1934 454 2008 S.
485 1933 700 2008 666166.
729 1933 803 2032 Ap.
837 1933 1119 2033 Bomtajcnacm,
1150 1935 1264 2007 etad
1292 1933 1363 2032 Ep.

131 2048 416 2124 &zorconenseml

576 2239 936 2249 ———-

588 2403 803 2479 CAPUT
839 2404 909 2479 II.

413 2576 477 2651 Dr.
504 2577 774 2651 Mnrnmonn
800 2578 1085 2652 Sacnaunuro

179 2744 264 2819 123.
299 2742 398 2818 (lum
416 2741 661 2817 Matrimonii
679 2750 897 2817 contractus
922 2743 974 2818 sit
998 2768 1120 2818 unum
1145 2769 1192 2819 ex
1214 2752 1364 2842 septem

127 2857 225 2958 legis
251 2858 496 2958 evangelicae
529 2858 792 2953 sacramentis,
819 2860 870 2934 ad
900 2859 1024 2934 solam
1051 2859 1276 2954 Ecclesiam,
1302 2859 1365 2935 cui

126 2981 210 3050 tota
226 2976 276 3051 de
298 2974 551 3051 sacramentis
574 3000 667 3051 cura.
689 3000 714 3051 a
737 2975 890 3051 Christo
908 2975 1127 3051 concredita
1144 2977 1228 3069 fuit,
1247 2976 1363 3075 perti·

127 3098 194 3167 net
214 3093 263 3167 de
280 3091 483 3168 validitate
504 3091 755 3184 matrimonii,
774 3099 814 3167 et
837 3094 884 3167 de
905 3091 1061 3190 juribus
1085 3117 1129 3167 ac
1154 3094 1202 3168 de
1218 3092 1363 3192 obliga·

125 3206 298 3283 tionibus
324 3233 371 3283 ex
395 3210 532 3284 eodem
557 3207 825 3284 derivantibus
846 3207 1038 3306 judicium
1065 3210 1175 3285 ferre.
1236 3209 1364 3298 Quam

55 3328 56 3333 ’
126 3325 288 3400 obrem
315 3323 532 3400 Concilium
561 3324 844 3418 Tridentinum,
876 3326 989 3423 (Sess.
1016 3347 1147 3426 xxrv,
1173 3350 1256 3401 can.
1285 3327 1360 3424 12.)

127 3440 324 3517 definivit:
369 3447 390 3483 “
403 3440 445 3516 Si
478 3441 565 3540 quis
599 3440 742 3517 dixerit
774 3466 909 3516 causas
943 3440 1250 3516 matrimoniales
1286 3466 1363 3516 non

126 3563 300 3657 spectare
317 3559 368 3633 ad
379 3556 531 3655 judices
547 3556 832 3650 ecclesiasticos,
851 3558 1060 3633 anathema
1076 3557 1162 3632 sit.”

177 3675 263 3750 124.
291 3673 485 3764 Quoniam
509 3681 659 3749 constat
684 3699 755 3773 per
773 3673 1067 3749 matrimonium
1085 3676 1182 3749 duos
1210 3681 1363 3749 “unam

126 3789 249 3866 veluti
274 3816 429 3866 carnem
455 3790 560 3884 fieri3
595 3797 635 3866 et
659 3788 835 3889 nuptiale
860 3790 1059 3865 vinculum
1086 3789 1141 3865 sic
1166 3815 1260 3884 esse,
1289 3790 1363 3866 Dei

125 3908 337 4007 voluntate,
361 3905 500 3982 intime
525 3907 850 4007 vehementerque
876 3932 1031 4000 nexum,
1058 3913 1102 3982 ut
1128 3932 1152 3982 a
1177 3905 1363 4006 quopiam

126 4022 229 4100 inter
253 4022 430 4099 homines
465 4022 627 4099 dissolvi
662 4030 730 4099 aut
764 4023 930 4099 distrahi
965 4022 1163 4122 nequeat”
1204 4022 1363 4122 (Leonis

127 4139 249 4217 XIII.
281 4140 358 4216 Lit.
390 4142 467 4239 Ap.
496 4140 698 4235 Arcanum,
732 4143 781 4216 10
815 4140 928 4215 Febr.
965 4140 1116 4239 1880.);
1159 4139 1363 4215 manifeste

127 4264 291 4356 apparet
314 4255 569 4356 gravissimae
591 4257 728 4357 culpae
751 4257 841 4331 illos
864 4281 948 4332 6666
968 4281 1065 4350 6666,
1083 4255 1151 4355 qui
1174 4281 1198 4330 a
1221 4255 1362 4355 magis-

126 4380 234 4449 tratu
262 4372 369 4449 civili
398 4372 693 4449 matrimonium
724 4372 887 4448 dissolvi
920 4372 1132 4472 postulant,
1158 4372 1232 4465 vel,
1259 4373 1364 4471 quod

127 4490 285 4589 gravius
303 4496 372 4584 est,
391 4489 558 4566 divortio
582 4488 689 4565 civili
712 4489 881 4582 obtento,
900 4514 1046 4565 novum
1068 4487 1363 4563 matrimonium

164 4656 629 4726 ¹videinAppedeapmstadc.
