<?xml version="1.0" encoding="UTF-8"?>
<!DOCTYPE html PUBLIC "-//W3C//DTD XHTML 1.0 Transitional//EN"
    "http://www.w3.org/TR/xhtml1/DTD/xhtml1-transitional.dtd">
<html xmlns="http://www.w3.org/1999/xhtml" xml:lang="en" lang="en">
 <head>
  <title>
</title>
<meta http-equiv="Content-Type" content="text/html;charset=utf-8" />
  <meta name='ocr-system' content='tesseract 3.04.00' />
  <meta name='ocr-capabilities' content='ocr_page ocr_carea ocr_par ocr_line ocrx_word'/>
</head>
<body>
  <div class='ocr_page' id='page_1' title='image "./actaetdecretaco00gibbgoog_0160.png"; bbox 0 0 3142 5242; ppageno 0'>
   <div class='ocr_carea' id='block_1_1' title="bbox 341 471 1400 546">
    <p class='ocr_par' dir='ltr' id='par_1_1' title="bbox 341 471 1400 546">
     <span class='ocr_line' id='line_1_1' title="bbox 341 471 1400 546; baseline 0.005 -19"><span class='ocrx_word' id='word_1_1' title='bbox 341 482 396 527; x_wconf 83' lang='lat' dir='ltr'>ns</span> <span class='ocrx_word' id='word_1_2' title='bbox 425 481 530 528; x_wconf 74' lang='lat' dir='ltr'>vira</span> <span class='ocrx_word' id='word_1_3' title='bbox 560 483 611 528; x_wconf 81' lang='lat' dir='ltr'>sn</span> <span class='ocrx_word' id='word_1_4' title='bbox 644 482 899 546; x_wconf 75' lang='lat' dir='ltr'>noussrars</span> <span class='ocrx_word' id='word_1_5' title='bbox 927 482 1224 531; x_wconf 79' lang='lat' dir='ltr'>ensnicoauu.</span> <span class='ocrx_word' id='word_1_6' title='bbox 1359 471 1400 532; x_wconf 76' lang='lat'>43</span> 
     </span>
    </p>
   </div>
   <div class='ocr_carea' id='block_1_2' title="bbox 164 636 1402 3986">
    <p class='ocr_par' dir='ltr' id='par_1_2' title="bbox 164 636 1402 2825">
     <span class='ocr_line' id='line_1_2' title="bbox 164 636 1400 736; baseline 0.004 -26"><span class='ocrx_word' id='word_1_7' title='bbox 164 659 264 728; x_wconf 89' lang='lat' dir='ltr'>rum,</span> <span class='ocrx_word' id='word_1_8' title='bbox 285 661 333 711; x_wconf 92' lang='lat' dir='ltr'>ne</span> <span class='ocrx_word' id='word_1_9' title='bbox 359 636 439 711; x_wconf 88' lang='lat' dir='ltr'>suis</span> <span class='ocrx_word' id='word_1_10' title='bbox 466 637 623 736; x_wconf 89' lang='lat' dir='ltr'>quidem</span> <span class='ocrx_word' id='word_1_11' title='bbox 647 638 828 735; x_wconf 83' lang='lat' dir='ltr'>exceptis,</span> <span class='ocrx_word' id='word_1_12' title='bbox 851 645 1043 712; x_wconf 88' lang='lat' dir='ltr'>consortio</span> <span class='ocrx_word' id='word_1_13' title='bbox 1070 645 1108 713; x_wconf 92' lang='lat' dir='ltr'>et</span> <span class='ocrx_word' id='word_1_14' title='bbox 1135 639 1400 715; x_wconf 79' lang='lat' dir='ltr'>familiaritate</span> 
     </span>
     <span class='ocr_line' id='line_1_3' title="bbox 166 750 1401 854; baseline 0.004 -29"><span class='ocrx_word' id='word_1_15' title='bbox 166 750 289 827; x_wconf 89' lang='lat' dir='ltr'>nimia</span> <span class='ocrx_word' id='word_1_16' title='bbox 314 777 363 827; x_wconf 92' lang='lat' dir='ltr'>ne</span> <span class='ocrx_word' id='word_1_17' title='bbox 388 760 521 828; x_wconf 89' lang='lat' dir='ltr'>utatur</span> <span class='ocrx_word' id='word_1_18' title='bbox 549 754 777 851; x_wconf 81' lang='lat' dir='ltr'>(sacerdos);</span> <span class='ocrx_word' id='word_1_19' title='bbox 813 778 938 852; x_wconf 90' lang='lat' dir='ltr'>neque</span> <span class='ocrx_word' id='word_1_20' title='bbox 962 779 1039 842; x_wconf 89' lang='lat' dir='ltr'>eas,</span> <span class='ocrx_word' id='word_1_21' title='bbox 1066 755 1157 829; x_wconf 87' lang='lat' dir='ltr'>licet</span> <span class='ocrx_word' id='word_1_22' title='bbox 1181 759 1401 854; x_wconf 89' lang='lat' dir='ltr'>propinqua</span> 
     </span>
     <span class='ocr_line' id='line_1_4' title="bbox 164 867 1399 966; baseline 0.003 -25"><span class='ocrx_word' id='word_1_23' title='bbox 164 867 393 965; x_wconf 80' lang='lat' dir='ltr'>cognatione</span> <span class='ocrx_word' id='word_1_24' title='bbox 410 869 644 966; x_wconf 89' lang='lat' dir='ltr'>conjunctas,</span> <span class='ocrx_word' id='word_1_25' title='bbox 663 868 705 943; x_wconf 91' lang='lat' dir='ltr'>in</span> <span class='ocrx_word' id='word_1_26' title='bbox 728 870 864 944; x_wconf 89' lang='lat' dir='ltr'>eadem</span> <span class='ocrx_word' id='word_1_27' title='bbox 882 894 1012 944; x_wconf 89' lang='lat' dir='ltr'>secum</span> <span class='ocrx_word' id='word_1_28' title='bbox 1035 871 1151 946; x_wconf 90' lang='lat' dir='ltr'>domo</span> <span class='ocrx_word' id='word_1_29' title='bbox 1168 874 1399 945; x_wconf 89' lang='lat' dir='ltr'>commorari</span> 
     </span>
     <span class='ocr_line' id='line_1_5' title="bbox 165 984 1400 1087; baseline 0.004 -30"><span class='ocrx_word' id='word_1_30' title='bbox 165 984 279 1075; x_wconf 87' lang='lat' dir='ltr'>sinat,</span> <span class='ocrx_word' id='word_1_31' title='bbox 294 984 370 1059; x_wconf 91' lang='lat' dir='ltr'>nisi</span> <span class='ocrx_word' id='word_1_32' title='bbox 387 985 533 1060; x_wconf 89' lang='lat' dir='ltr'>fuerint</span> <span class='ocrx_word' id='word_1_33' title='bbox 548 986 631 1060; x_wconf 90' lang='lat' dir='ltr'>vita</span> <span class='ocrx_word' id='word_1_34' title='bbox 648 991 688 1060; x_wconf 91' lang='lat' dir='ltr'>et</span> <span class='ocrx_word' id='word_1_35' title='bbox 704 987 879 1060; x_wconf 87' lang='lat' dir='ltr'>moribus</span> <span class='ocrx_word' id='word_1_36' title='bbox 897 987 1213 1084; x_wconf 86' lang='lat' dir='ltr'>spectatissimae,</span> <span class='ocrx_word' id='word_1_37' title='bbox 1227 1013 1400 1087; x_wconf 86' lang='lat' dir='ltr'>quaeque</span> 
     </span>
     <span class='ocr_line' id='line_1_6' title="bbox 165 1099 1398 1194; baseline 0.003 -22"><span class='ocrx_word' id='word_1_38' title='bbox 165 1100 274 1173; x_wconf 93' lang='lat' dir='ltr'>nullo</span> <span class='ocrx_word' id='word_1_39' title='bbox 294 1102 420 1193; x_wconf 91' lang='lat' dir='ltr'>modo,</span> <span class='ocrx_word' id='word_1_40' title='bbox 438 1103 522 1176; x_wconf 89' lang='lat' dir='ltr'>sive</span> <span class='ocrx_word' id='word_1_41' title='bbox 545 1100 700 1193; x_wconf 89' lang='lat' dir='ltr'>directo,</span> <span class='ocrx_word' id='word_1_42' title='bbox 718 1109 802 1176; x_wconf 89' lang='lat' dir='ltr'>sive</span> <span class='ocrx_word' id='word_1_43' title='bbox 818 1100 1018 1194; x_wconf 90' lang='lat' dir='ltr'>indirect0,</span> <span class='ocrx_word' id='word_1_44' title='bbox 1036 1127 1078 1177; x_wconf 86' lang='lat' dir='ltr'>se</span> <span class='ocrx_word' id='word_1_45' title='bbox 1095 1099 1213 1177; x_wconf 88' lang='lat' dir='ltr'>sacris</span> <span class='ocrx_word' id='word_1_46' title='bbox 1231 1101 1398 1178; x_wconf 90' lang='lat' dir='ltr'>muneri·</span> 
     </span>
     <span class='ocr_line' id='line_1_7' title="bbox 164 1215 1399 1314; baseline 0.003 -25"><span class='ocrx_word' id='word_1_47' title='bbox 164 1215 237 1289; x_wconf 90' lang='lat' dir='ltr'>bus</span> <span class='ocrx_word' id='word_1_48' title='bbox 254 1216 436 1314; x_wconf 83' lang='lat' dir='ltr'>gerendis</span> <span class='ocrx_word' id='word_1_49' title='bbox 453 1225 523 1292; x_wconf 87' lang='lat' dir='ltr'>aut</span> <span class='ocrx_word' id='word_1_50' title='bbox 538 1220 655 1294; x_wconf 89' lang='lat' dir='ltr'>rebus</span> <span class='ocrx_word' id='word_1_51' title='bbox 672 1217 854 1293; x_wconf 87' lang='lat' dir='ltr'>ecclesiae</span> <span class='ocrx_word' id='word_1_52' title='bbox 871 1219 1192 1293; x_wconf 82' lang='lat' dir='ltr'>administrandis</span> <span class='ocrx_word' id='word_1_53' title='bbox 1209 1219 1399 1294; x_wconf 87' lang='lat' dir='ltr'>immisce·</span> 
     </span>
     <span class='ocr_line' id='line_1_8' title="bbox 165 1332 1400 1427; baseline 0.003 -22"><span class='ocrx_word' id='word_1_54' title='bbox 165 1338 243 1406; x_wconf 90' lang='lat' dir='ltr'>ant.</span> <span class='ocrx_word' id='word_1_55' title='bbox 314 1332 584 1426; x_wconf 86' lang='lat' dir='ltr'>Oeconomam,</span> <span class='ocrx_word' id='word_1_56' title='bbox 612 1334 805 1427; x_wconf 86' lang='lat' dir='ltr'>ancillam,</span> <span class='ocrx_word' id='word_1_57' title='bbox 832 1334 1001 1408; x_wconf 89' lang='lat' dir='ltr'>aliamve</span> <span class='ocrx_word' id='word_1_58' title='bbox 1030 1335 1220 1409; x_wconf 90' lang='lat' dir='ltr'>famulam</span> <span class='ocrx_word' id='word_1_59' title='bbox 1251 1335 1400 1409; x_wconf 90' lang='lat' dir='ltr'>nullam</span> 
     </span>
     <span class='ocr_line' id='line_1_9' title="bbox 164 1447 1399 1549; baseline 0.002 -28"><span class='ocrx_word' id='word_1_60' title='bbox 164 1447 317 1541; x_wconf 91' lang='lat' dir='ltr'>haheat,</span> <span class='ocrx_word' id='word_1_61' title='bbox 335 1447 411 1522; x_wconf 90' lang='lat' dir='ltr'>nisi</span> <span class='ocrx_word' id='word_1_62' title='bbox 435 1449 605 1547; x_wconf 87' lang='lat' dir='ltr'>quaesit</span> <span class='ocrx_word' id='word_1_63' title='bbox 627 1449 852 1524; x_wconf 89' lang='lat' dir='ltr'>maturioris</span> <span class='ocrx_word' id='word_1_64' title='bbox 869 1452 1019 1541; x_wconf 89' lang='lat' dir='ltr'>aetatis,</span> <span class='ocrx_word' id='word_1_65' title='bbox 1037 1450 1218 1549; x_wconf 89' lang='lat' dir='ltr'>famaque</span> <span class='ocrx_word' id='word_1_66' title='bbox 1234 1452 1399 1549; x_wconf 82' lang='lat' dir='ltr'>integer·</span> 
     </span>
     <span class='ocr_line' id='line_1_10' title="bbox 164 1562 1401 1665; baseline 0.005 -29"><span class='ocrx_word' id='word_1_67' title='bbox 164 1562 266 1638; x_wconf 90' lang='lat' dir='ltr'>rima</span> <span class='ocrx_word' id='word_1_68' title='bbox 288 1566 467 1662; x_wconf 86' lang='lat' dir='ltr'>gaudeat.</span> <span class='ocrx_word' id='word_1_69' title='bbox 520 1565 734 1664; x_wconf 90' lang='lat' dir='ltr'>Nunquam</span> <span class='ocrx_word' id='word_1_70' title='bbox 758 1591 888 1640; x_wconf 88' lang='lat' dir='ltr'>coram</span> <span class='ocrx_word' id='word_1_71' title='bbox 911 1564 993 1641; x_wconf 91' lang='lat' dir='ltr'>illis</span> <span class='ocrx_word' id='word_1_72' title='bbox 1016 1573 1084 1640; x_wconf 90' lang='lat' dir='ltr'>aut</span> <span class='ocrx_word' id='word_1_73' title='bbox 1106 1567 1348 1665; x_wconf 86' lang='lat' dir='ltr'>propinquis,</span> <span class='ocrx_word' id='word_1_74' title='bbox 1367 1571 1401 1642; x_wconf 89' lang='lat' dir='ltr'>si</span> 
     </span>
     <span class='ocr_line' id='line_1_11' title="bbox 165 1678 1401 1780; baseline 0.003 -26"><span class='ocrx_word' id='word_1_75' title='bbox 165 1678 260 1778; x_wconf 84' lang='lat' dir='ltr'>quas</span> <span class='ocrx_word' id='word_1_76' title='bbox 291 1682 396 1777; x_wconf 90' lang='lat' dir='ltr'>apud</span> <span class='ocrx_word' id='word_1_77' title='bbox 427 1705 468 1756; x_wconf 87' lang='lat' dir='ltr'>se</span> <span class='ocrx_word' id='word_1_78' title='bbox 497 1681 649 1770; x_wconf 88' lang='lat' dir='ltr'>habeat,</span> <span class='ocrx_word' id='word_1_79' title='bbox 676 1683 725 1756; x_wconf 96' lang='lat' dir='ltr'>de</span> <span class='ocrx_word' id='word_1_80' title='bbox 754 1689 883 1780; x_wconf 81' lang='lat' dir='ltr'>gregis</span> <span class='ocrx_word' id='word_1_81' title='bbox 913 1683 1115 1780; x_wconf 81' lang='lat' dir='ltr'>regimine,</span> <span class='ocrx_word' id='word_1_82' title='bbox 1142 1684 1191 1758; x_wconf 89' lang='lat' dir='ltr'>de</span> <span class='ocrx_word' id='word_1_83' title='bbox 1220 1683 1401 1758; x_wconf 87' lang='lat' dir='ltr'>ecclesiae</span> 
     </span>
     <span class='ocr_line' id='line_1_12' title="bbox 166 1795 1402 1897; baseline 0.004 -28"><span class='ocrx_word' id='word_1_84' title='bbox 166 1795 342 1895; x_wconf 89' lang='lat' dir='ltr'>negotiis,</span> <span class='ocrx_word' id='word_1_85' title='bbox 369 1798 418 1872; x_wconf 87' lang='lat' dir='ltr'>de</span> <span class='ocrx_word' id='word_1_86' title='bbox 448 1797 772 1897; x_wconf 89' lang='lat' dir='ltr'>parochianorum</span> <span class='ocrx_word' id='word_1_87' title='bbox 801 1798 909 1873; x_wconf 91' lang='lat' dir='ltr'>vitiis</span> <span class='ocrx_word' id='word_1_88' title='bbox 944 1806 1013 1873; x_wconf 88' lang='lat' dir='ltr'>aut</span> <span class='ocrx_word' id='word_1_89' title='bbox 1042 1799 1253 1874; x_wconf 86' lang='lat' dir='ltr'>defectibus</span> <span class='ocrx_word' id='word_1_90' title='bbox 1282 1801 1402 1874; x_wconf 89' lang='lat' dir='ltr'>verba</span> 
     </span>
     <span class='ocr_line' id='line_1_13' title="bbox 165 1911 1401 2013; baseline 0.002 -27"><span class='ocrx_word' id='word_1_91' title='bbox 165 1912 314 1988; x_wconf 88' lang='lat' dir='ltr'>faciat.”</span> <span class='ocrx_word' id='word_1_92' title='bbox 382 1912 473 2012; x_wconf 89' lang='lat' dir='ltr'>(Nu.</span> <span class='ocrx_word' id='word_1_93' title='bbox 505 1915 606 2012; x_wconf 84' lang='lat'>164.)</span> <span class='ocrx_word' id='word_1_94' title='bbox 673 1913 868 2006; x_wconf 88' lang='lat' dir='ltr'>Praetera,</span> <span class='ocrx_word' id='word_1_95' title='bbox 900 1916 950 1990; x_wconf 89' lang='lat' dir='ltr'>ad</span> <span class='ocrx_word' id='word_1_96' title='bbox 985 1915 1214 2012; x_wconf 89' lang='lat' dir='ltr'>multiplicis</span> <span class='ocrx_word' id='word_1_97' title='bbox 1247 1911 1401 2013; x_wconf 86' lang='lat' dir='ltr'>generis</span> 
     </span>
     <span class='ocr_line' id='line_1_14' title="bbox 164 2026 1401 2124; baseline 0.002 -22"><span class='ocrx_word' id='word_1_98' title='bbox 164 2026 411 2104; x_wconf 88' lang='lat' dir='ltr'>incommoda</span> <span class='ocrx_word' id='word_1_99' title='bbox 457 2029 629 2124; x_wconf 89' lang='lat' dir='ltr'>vitanda,</span> <span class='ocrx_word' id='word_1_100' title='bbox 674 2029 819 2105; x_wconf 90' lang='lat' dir='ltr'>Nostra</span> <span class='ocrx_word' id='word_1_101' title='bbox 866 2030 1029 2105; x_wconf 90' lang='lat' dir='ltr'>facimus</span> <span class='ocrx_word' id='word_1_102' title='bbox 1071 2031 1191 2105; x_wconf 80' lang='lat' dir='ltr'>verba</span> <span class='ocrx_word' id='word_1_103' title='bbox 1237 2031 1401 2107; x_wconf 89' lang='lat' dir='ltr'>Patrum</span> 
     </span>
     <span class='ocr_line' id='line_1_15' title="bbox 166 2143 1401 2245; baseline 0.002 -27"><span class='ocrx_word' id='word_1_104' title='bbox 166 2143 328 2219; x_wconf 84' lang='lat' dir='ltr'>Concilii</span> <span class='ocrx_word' id='word_1_105' title='bbox 353 2145 466 2222; x_wconf 90' lang='lat' dir='ltr'>Plen.</span> <span class='ocrx_word' id='word_1_106' title='bbox 485 2145 688 2221; x_wconf 90' lang='lat' dir='ltr'>Hibernici</span> <span class='ocrx_word' id='word_1_107' title='bbox 713 2148 820 2244; x_wconf 88' lang='lat' dir='ltr'>apud</span> <span class='ocrx_word' id='word_1_108' title='bbox 842 2146 1104 2245; x_wconf 87' lang='lat' dir='ltr'>Maynutiam,</span> <span class='ocrx_word' id='word_1_109' title='bbox 1122 2146 1215 2238; x_wconf 75' lang='lat' dir='ltr'>scil,</span> <span class='ocrx_word' id='word_1_110' title='bbox 1236 2146 1401 2221; x_wconf 90' lang='lat' dir='ltr'>“nullus</span> 
     </span>
     <span class='ocr_line' id='line_1_16' title="bbox 164 2262 1402 2359; baseline 0.002 -25"><span class='ocrx_word' id='word_1_111' title='bbox 164 2262 356 2359; x_wconf 85' lang='lat' dir='ltr'>parochus</span> <span class='ocrx_word' id='word_1_112' title='bbox 381 2264 402 2307; x_wconf 70' lang='lat'>&#39;³‘</span> <span class='ocrx_word' id='word_1_113' title='bbox 427 2264 448 2307; x_wconf 76' lang='lat'>’¹‘</span> <span class='ocrx_word' id='word_1_114' title='bbox 472 2262 640 2338; x_wconf 88' lang='lat' dir='ltr'>retineat</span> <span class='ocrx_word' id='word_1_115' title='bbox 656 2262 697 2336; x_wconf 92' lang='lat' dir='ltr'>in</span> <span class='ocrx_word' id='word_1_116' title='bbox 715 2264 831 2338; x_wconf 90' lang='lat' dir='ltr'>domo</span> <span class='ocrx_word' id='word_1_117' title='bbox 858 2288 928 2337; x_wconf 89' lang='lat' dir='ltr'>sua</span> <span class='ocrx_word' id='word_1_118' title='bbox 953 2262 1123 2337; x_wconf 84' lang='lat' dir='ltr'>familias</span> <span class='ocrx_word' id='word_1_119' title='bbox 1141 2262 1316 2337; x_wconf 89' lang='lat' dir='ltr'>affinium</span> <span class='ocrx_word' id='word_1_120' title='bbox 1334 2268 1402 2338; x_wconf 89' lang='lat' dir='ltr'>aut</span> 
     </span>
     <span class='ocr_line' id='line_1_17' title="bbox 164 2377 1401 2476; baseline 0.002 -26"><span class='ocrx_word' id='word_1_121' title='bbox 164 2377 550 2475; x_wconf 83' lang='lat' dir='ltr'>consanguineorum.</span> <span class='ocrx_word' id='word_1_122' title='bbox 604 2378 752 2468; x_wconf 76' lang='lat' dir='ltr'>Quodsi</span> <span class='ocrx_word' id='word_1_123' title='bbox 773 2378 815 2452; x_wconf 90' lang='lat' dir='ltr'>in</span> <span class='ocrx_word' id='word_1_124' title='bbox 836 2380 973 2454; x_wconf 90' lang='lat' dir='ltr'>eadem</span> <span class='ocrx_word' id='word_1_125' title='bbox 994 2380 1110 2453; x_wconf 93' lang='lat' dir='ltr'>domo</span> <span class='ocrx_word' id='word_1_126' title='bbox 1127 2404 1215 2453; x_wconf 90' lang='lat' dir='ltr'>cum</span> <span class='ocrx_word' id='word_1_127' title='bbox 1235 2379 1401 2476; x_wconf 88' lang='lat' dir='ltr'>parocho</span> 
     </span>
     <span class='ocr_line' id='line_1_18' title="bbox 165 2491 1400 2594; baseline 0.002 -28"><span class='ocrx_word' id='word_1_128' title='bbox 165 2491 342 2567; x_wconf 90' lang='lat' dir='ltr'>habitent</span> <span class='ocrx_word' id='word_1_129' title='bbox 354 2494 438 2591; x_wconf 90' lang='lat' dir='ltr'>ejus</span> <span class='ocrx_word' id='word_1_130' title='bbox 451 2495 706 2593; x_wconf 79' lang='lat' dir='ltr'>coadjutores,</span> <span class='ocrx_word' id='word_1_131' title='bbox 724 2497 745 2541; x_wconf 76' lang='lat'>’¹⁴</span> <span class='ocrx_word' id='word_1_132' title='bbox 761 2497 783 2541; x_wconf 74' lang='lat'>‘³‘</span> <span class='ocrx_word' id='word_1_133' title='bbox 796 2494 978 2569; x_wconf 86' lang='lat' dir='ltr'>volumus</span> <span class='ocrx_word' id='word_1_134' title='bbox 996 2501 1040 2569; x_wconf 90' lang='lat' dir='ltr'>ut</span> <span class='ocrx_word' id='word_1_135' title='bbox 1056 2494 1215 2594; x_wconf 93' lang='lat' dir='ltr'>parochi</span> <span class='ocrx_word' id='word_1_136' title='bbox 1232 2519 1273 2569; x_wconf 91' lang='lat' dir='ltr'>1n</span> <span class='ocrx_word' id='word_1_137' title='bbox 1292 2512 1400 2593; x_wconf 86' lang='lat' dir='ltr'>prae·</span> 
     </span>
     <span class='ocr_line' id='line_1_19' title="bbox 165 2608 1402 2710; baseline 0.002 -27"><span class='ocrx_word' id='word_1_138' title='bbox 165 2608 268 2683; x_wconf 87' lang='lat' dir='ltr'>dicta</span> <span class='ocrx_word' id='word_1_139' title='bbox 285 2611 400 2685; x_wconf 91' lang='lat' dir='ltr'>domo</span> <span class='ocrx_word' id='word_1_140' title='bbox 419 2610 528 2685; x_wconf 93' lang='lat' dir='ltr'>nullo</span> <span class='ocrx_word' id='word_1_141' title='bbox 546 2613 662 2686; x_wconf 91' lang='lat' dir='ltr'>modo</span> <span class='ocrx_word' id='word_1_142' title='bbox 679 2610 985 2710; x_wconf 80' lang='lat' dir='ltr'>consanguineas</span> <span class='ocrx_word' id='word_1_143' title='bbox 999 2609 1063 2686; x_wconf 81' lang='lat' dir='ltr'>vel</span> <span class='ocrx_word' id='word_1_144' title='bbox 1081 2611 1213 2685; x_wconf 90' lang='lat' dir='ltr'>affines</span> <span class='ocrx_word' id='word_1_145' title='bbox 1225 2610 1402 2709; x_wconf 89' lang='lat' dir='ltr'>juniores</span> 
     </span>
     <span class='ocr_line' id='line_1_20' title="bbox 164 2725 1258 2825; baseline 0.002 -26"><span class='ocrx_word' id='word_1_146' title='bbox 164 2725 369 2818; x_wconf 86' lang='lat' dir='ltr'>retineant,</span> <span class='ocrx_word' id='word_1_147' title='bbox 384 2726 460 2801; x_wconf 90' lang='lat' dir='ltr'>nisi</span> <span class='ocrx_word' id='word_1_148' title='bbox 478 2727 730 2825; x_wconf 86' lang='lat' dir='ltr'>permittente</span> <span class='ocrx_word' id='word_1_149' title='bbox 747 2725 994 2803; x_wconf 89' lang='lat' dir='ltr'>Ordinario.&#39;&#39;</span> <span class='ocrx_word' id='word_1_150' title='bbox 1050 2727 1103 2823; x_wconf 87' lang='lat' dir='ltr'>(N</span> <span class='ocrx_word' id='word_1_151' title='bbox 1106 2752 1140 2802; x_wconf 91' lang='lat'>0.</span> <span class='ocrx_word' id='word_1_152' title='bbox 1159 2728 1258 2823; x_wconf 77' lang='grc'>126.)</span> 
     </span>
    </p>

    <p class='ocr_par' dir='ltr' id='par_1_3' title="bbox 164 2841 1402 3986">
     <span class='ocr_line' id='line_1_21' title="bbox 214 2841 1401 2936; baseline 0.002 -19"><span class='ocrx_word' id='word_1_153' title='bbox 214 2843 277 2917; x_wconf 83' lang='grc'>82.</span> <span class='ocrx_word' id='word_1_154' title='bbox 305 2841 418 2918; x_wconf 89' lang='lat' dir='ltr'>“Nos</span> <span class='ocrx_word' id='word_1_155' title='bbox 435 2843 715 2936; x_wconf 88' lang='lat' dir='ltr'>attendentes,&#39;&#39;</span> <span class='ocrx_word' id='word_1_156' title='bbox 739 2842 870 2918; x_wconf 82' lang='lat' dir='ltr'>verbis</span> <span class='ocrx_word' id='word_1_157' title='bbox 887 2842 1036 2918; x_wconf 87' lang='lat' dir='ltr'>utimur</span> <span class='ocrx_word' id='word_1_158' title='bbox 1053 2842 1256 2918; x_wconf 86' lang='lat' dir='ltr'>Benedicti</span> <span class='ocrx_word' id='word_1_159' title='bbox 1273 2843 1401 2933; x_wconf 69' lang='lat' dir='ltr'>XIV,</span> 
     </span>
     <span class='ocr_line' id='line_1_22' title="bbox 165 2958 1402 3058; baseline 0.001 -25"><span class='ocrx_word' id='word_1_160' title='bbox 165 2959 305 3058; x_wconf 91' lang='lat' dir='ltr'>“quod</span> <span class='ocrx_word' id='word_1_161' title='bbox 326 2958 487 3033; x_wconf 89' lang='lat' dir='ltr'>clericus</span> <span class='ocrx_word' id='word_1_162' title='bbox 504 2958 572 3058; x_wconf 91' lang='lat' dir='ltr'>qui</span> <span class='ocrx_word' id='word_1_163' title='bbox 594 2965 798 3057; x_wconf 88' lang='lat' dir='ltr'>tantopere</span> <span class='ocrx_word' id='word_1_164' title='bbox 815 2958 1193 3034; x_wconf 79' lang='lat' dir='ltr'>mundanisdivitiis</span> <span class='ocrx_word' id='word_1_165' title='bbox 1216 2961 1402 3058; x_wconf 90' lang='lat' dir='ltr'>parandis</span> 
     </span>
     <span class='ocr_line' id='line_1_23' title="bbox 164 3073 1401 3174; baseline 0.002 -26"><span class='ocrx_word' id='word_1_166' title='bbox 164 3073 301 3165; x_wconf 91' lang='lat' dir='ltr'>inhiat,</span> <span class='ocrx_word' id='word_1_167' title='bbox 316 3075 496 3149; x_wconf 89' lang='lat' dir='ltr'>coelestia</span> <span class='ocrx_word' id='word_1_168' title='bbox 509 3075 705 3173; x_wconf 89' lang='lat' dir='ltr'>despicere</span> <span class='ocrx_word' id='word_1_169' title='bbox 718 3083 758 3150; x_wconf 92' lang='lat' dir='ltr'>et</span> <span class='ocrx_word' id='word_1_170' title='bbox 769 3100 842 3174; x_wconf 89' lang='lat' dir='ltr'>pro</span> <span class='ocrx_word' id='word_1_171' title='bbox 856 3073 979 3149; x_wconf 92' lang='lat' dir='ltr'>nihilo</span> <span class='ocrx_word' id='word_1_172' title='bbox 996 3083 1136 3173; x_wconf 87' lang='lat' dir='ltr'>putare</span> <span class='ocrx_word' id='word_1_173' title='bbox 1149 3075 1401 3167; x_wconf 86' lang='lat' dir='ltr'>convincitur,</span> 
     </span>
     <span class='ocr_line' id='line_1_24' title="bbox 164 3191 1401 3290; baseline 0 -24"><span class='ocrx_word' id='word_1_174' title='bbox 164 3193 186 3237; x_wconf 82' lang='grc'>*</span> <span class='ocrx_word' id='word_1_175' title='bbox 217 3194 239 3238; x_wconf 71' lang='grc'>*</span> <span class='ocrx_word' id='word_1_176' title='bbox 272 3194 294 3237; x_wconf 78' lang='grc'><em>*</em></span> <span class='ocrx_word' id='word_1_177' title='bbox 327 3193 380 3267; x_wconf 89' lang='lat' dir='ltr'>ad</span> <span class='ocrx_word' id='word_1_178' title='bbox 403 3191 607 3267; x_wconf 86' lang='lat' dir='ltr'>exitiosam</span> <span class='ocrx_word' id='word_1_179' title='bbox 637 3191 863 3290; x_wconf 88' lang='lat' dir='ltr'>hujusmodi</span> <span class='ocrx_word' id='word_1_180' title='bbox 892 3191 1022 3266; x_wconf 90' lang='lat' dir='ltr'>labem</span> <span class='ocrx_word' id='word_1_181' title='bbox 1053 3192 1103 3266; x_wconf 90' lang='lat' dir='ltr'>ab</span> <span class='ocrx_word' id='word_1_182' title='bbox 1133 3191 1401 3266; x_wconf 87' lang='lat' dir='ltr'>Ecclesiastico</span> 
     </span>
     <span class='ocr_line' id='line_1_25' title="bbox 164 3307 1401 3400; baseline -0.002 -17"><span class='ocrx_word' id='word_1_183' title='bbox 164 3315 273 3383; x_wconf 88' lang='lat' dir='ltr'>coetu</span> <span class='ocrx_word' id='word_1_184' title='bbox 308 3307 600 3400; x_wconf 89' lang='lat' dir='ltr'>eliminandam,</span> <span class='ocrx_word' id='word_1_185' title='bbox 634 3314 675 3383; x_wconf 90' lang='lat' dir='ltr'>et</span> <span class='ocrx_word' id='word_1_186' title='bbox 708 3314 753 3383; x_wconf 92' lang='lat' dir='ltr'>ut</span> <span class='ocrx_word' id='word_1_187' title='bbox 786 3314 918 3383; x_wconf 86' lang='lat' dir='ltr'>saneto</span> <span class='ocrx_word' id='word_1_188' title='bbox 960 3307 1155 3382; x_wconf 84' lang='lat' dir='ltr'>Ecclesiae</span> <span class='ocrx_word' id='word_1_189' title='bbox 1194 3308 1401 3383; x_wconf 84' lang='lat' dir='ltr'>famulatui</span> 
     </span>
     <span class='ocr_line' id='line_1_26' title="bbox 166 3422 1401 3522; baseline -0.001 -24"><span class='ocrx_word' id='word_1_190' title='bbox 166 3423 310 3499; x_wconf 90' lang='lat' dir='ltr'>addicti</span> <span class='ocrx_word' id='word_1_191' title='bbox 352 3424 403 3498; x_wconf 91' lang='lat' dir='ltr'>ab</span> <span class='ocrx_word' id='word_1_192' title='bbox 440 3423 548 3498; x_wconf 91' lang='lat' dir='ltr'>omni</span> <span class='ocrx_word' id='word_1_193' title='bbox 584 3424 712 3522; x_wconf 90' lang='lat' dir='ltr'>turpis</span> <span class='ocrx_word' id='word_1_194' title='bbox 751 3424 849 3499; x_wconf 86' lang='lat' dir='ltr'>lucri</span> <span class='ocrx_word' id='word_1_195' title='bbox 886 3422 1100 3521; x_wconf 88' lang='lat' dir='ltr'>cupiditate</span> <span class='ocrx_word' id='word_1_196' title='bbox 1138 3423 1401 3514; x_wconf 86' lang='lat' dir='ltr'>abhorrentes,</span> 
     </span>
     <span class='ocr_line' id='line_1_27' title="bbox 166 3539 1401 3638; baseline 0 -24"><span class='ocrx_word' id='word_1_197' title='bbox 166 3541 349 3615; x_wconf 90' lang='lat' dir='ltr'>studeant</span> <span class='ocrx_word' id='word_1_198' title='bbox 377 3540 474 3615; x_wconf 89' lang='lat' dir='ltr'>hene</span> <span class='ocrx_word' id='word_1_199' title='bbox 504 3565 618 3638; x_wconf 84' lang='lat' dir='ltr'>agere</span> <span class='ocrx_word' id='word_1_200' title='bbox 647 3547 687 3616; x_wconf 86' lang='lat' dir='ltr'>et</span> <span class='ocrx_word' id='word_1_201' title='bbox 715 3540 857 3616; x_wconf 88' lang='lat' dir='ltr'>divites</span> <span class='ocrx_word' id='word_1_202' title='bbox 884 3539 968 3615; x_wconf 88' lang='lat' dir='ltr'>ficri</span> <span class='ocrx_word' id='word_1_203' title='bbox 997 3539 1039 3614; x_wconf 91' lang='lat' dir='ltr'>in</span> <span class='ocrx_word' id='word_1_204' title='bbox 1066 3539 1179 3614; x_wconf 89' lang='lat' dir='ltr'>bonis</span> <span class='ocrx_word' id='word_1_205' title='bbox 1209 3539 1401 3637; x_wconf 91' lang='lat' dir='ltr'>operibus,</span> 
     </span>
     <span class='ocr_line' id='line_1_28' title="bbox 164 3656 1402 3749; baseline 0 -19"><span class='ocrx_word' id='word_1_206' title='bbox 164 3656 470 3731; x_wconf 86' lang='lat' dir='ltr'>thesaurizantes</span> <span class='ocrx_word' id='word_1_207' title='bbox 488 3656 563 3732; x_wconf 89' lang='lat' dir='ltr'>sibi</span> <span class='ocrx_word' id='word_1_208' title='bbox 580 3657 878 3732; x_wconf 88' lang='lat' dir='ltr'>fundamentum</span> <span class='ocrx_word' id='word_1_209' title='bbox 896 3657 1042 3731; x_wconf 89' lang='lat' dir='ltr'>honum</span> <span class='ocrx_word' id='word_1_210' title='bbox 1060 3656 1101 3730; x_wconf 92' lang='lat' dir='ltr'>in</span> <span class='ocrx_word' id='word_1_211' title='bbox 1119 3656 1267 3749; x_wconf 89' lang='lat' dir='ltr'>futur0;</span> <span class='ocrx_word' id='word_1_212' title='bbox 1294 3658 1315 3702; x_wconf 74' lang='lat'>’¹‘</span> <span class='ocrx_word' id='word_1_213' title='bbox 1337 3658 1358 3702; x_wconf 79' lang='lat'>&#39;¹‘</span> <span class='ocrx_word' id='word_1_214' title='bbox 1382 3660 1402 3701; x_wconf 73' lang='lat'>²³²</span> 
     </span>
     <span class='ocr_line' id='line_1_29' title="bbox 165 3771 1402 3872; baseline 0.002 -26"><span class='ocrx_word' id='word_1_215' title='bbox 165 3771 335 3872; x_wconf 87' lang='lat' dir='ltr'>insuper,</span> <span class='ocrx_word' id='word_1_216' title='bbox 349 3778 394 3847; x_wconf 92' lang='lat' dir='ltr'>ut</span> <span class='ocrx_word' id='word_1_217' title='bbox 409 3773 452 3847; x_wconf 87' lang='lat' dir='ltr'>iu</span> <span class='ocrx_word' id='word_1_218' title='bbox 470 3782 614 3847; x_wconf 85' lang='lat' dir='ltr'>sortem</span> <span class='ocrx_word' id='word_1_219' title='bbox 629 3772 790 3848; x_wconf 91' lang='lat' dir='ltr'>Domini</span> <span class='ocrx_word' id='word_1_220' title='bbox 803 3773 940 3865; x_wconf 91' lang='lat' dir='ltr'>vocati,</span> <span class='ocrx_word' id='word_1_221' title='bbox 955 3771 1142 3871; x_wconf 88' lang='lat' dir='ltr'>depositis</span> <span class='ocrx_word' id='word_1_222' title='bbox 1160 3797 1402 3872; x_wconf 87' lang='lat' dir='ltr'>quocumque</span> 
     </span>
     <span class='ocr_line' id='line_1_30' title="bbox 165 3888 1401 3986; baseline -0.001 -23"><span class='ocrx_word' id='word_1_223' title='bbox 165 3891 454 3965; x_wconf 89' lang='lat' dir='ltr'>mundanarum</span> <span class='ocrx_word' id='word_1_224' title='bbox 471 3914 652 3964; x_wconf 90' lang='lat' dir='ltr'>curarum</span> <span class='ocrx_word' id='word_1_225' title='bbox 669 3914 785 3965; x_wconf 89' lang='lat' dir='ltr'>onere</span> <span class='ocrx_word' id='word_1_226' title='bbox 802 3895 841 3966; x_wconf 90' lang='lat' dir='ltr'>et</span> <span class='ocrx_word' id='word_1_227' title='bbox 864 3888 1126 3963; x_wconf 91' lang='lat' dir='ltr'>humanarum</span> <span class='ocrx_word' id='word_1_228' title='bbox 1143 3888 1401 3986; x_wconf 88' lang='lat' dir='ltr'>cupiditatum</span> 
     </span>
    </p>
   </div>
   <div class='ocr_carea' id='block_1_3' title="bbox 164 4004 1511 4105">
    <p class='ocr_par' dir='ltr' id='par_1_4' title="bbox 164 4004 1511 4105">
     <span class='ocr_line' id='line_1_31' title="bbox 164 4004 1511 4105; baseline -0.002 -26"><span class='ocrx_word' id='word_1_229' title='bbox 164 4004 456 4105; x_wconf 69' lang='lat' dir='ltr'>impedimenta</span> <span class='ocrx_word' id='word_1_230' title='bbox 469 4005 668 4080; x_wconf 82' lang='lat' dir='ltr'>Christum</span> <span class='ocrx_word' id='word_1_231' title='bbox 681 4005 907 4096; x_wconf 89' lang='lat' dir='ltr'>Dominum,</span> <span class='ocrx_word' id='word_1_232' title='bbox 919 4004 986 4103; x_wconf 90' lang='lat' dir='ltr'>qui</span> <span class='ocrx_word' id='word_1_233' title='bbox 999 4011 1160 4103; x_wconf 85' lang='lat' dir='ltr'>propter</span> <span class='ocrx_word' id='word_1_234' title='bbox 1174 4029 1245 4078; x_wconf 91' lang='lat' dir='ltr'>nos</span> <span class='ocrx_word' id='word_1_235' title='bbox 1258 4029 1401 4102; x_wconf 87' lang='lat' dir='ltr'>egenus</span> <span class='ocrx_word' id='word_1_236' title='bbox 1502 4062 1511 4076; x_wconf 87' lang='lat'><strong>.</strong></span> 
     </span>
    </p>
   </div>
   <div class='ocr_carea' id='block_1_4' title="bbox 164 4119 1402 4684">
    <p class='ocr_par' dir='ltr' id='par_1_5' title="bbox 164 4119 1402 4684">
     <span class='ocr_line' id='line_1_32' title="bbox 164 4119 1401 4217; baseline -0.002 -20"><span class='ocrx_word' id='word_1_237' title='bbox 164 4123 288 4197; x_wconf 88' lang='lat' dir='ltr'>factus</span> <span class='ocrx_word' id='word_1_238' title='bbox 312 4128 384 4214; x_wconf 88' lang='lat' dir='ltr'>est,</span> <span class='ocrx_word' id='word_1_239' title='bbox 410 4146 499 4197; x_wconf 88' lang='lat' dir='ltr'>cum</span> <span class='ocrx_word' id='word_1_240' title='bbox 524 4127 627 4196; x_wconf 88' lang='lat' dir='ltr'>esset</span> <span class='ocrx_word' id='word_1_241' title='bbox 650 4121 772 4214; x_wconf 87' lang='lat' dir='ltr'>dives,</span> <span class='ocrx_word' id='word_1_242' title='bbox 799 4127 844 4196; x_wconf 85' lang='lat' dir='ltr'>ut</span> <span class='ocrx_word' id='word_1_243' title='bbox 872 4119 980 4194; x_wconf 90' lang='lat' dir='ltr'>illius</span> <span class='ocrx_word' id='word_1_244' title='bbox 1005 4119 1139 4217; x_wconf 90' lang='lat' dir='ltr'>inopia</span> <span class='ocrx_word' id='word_1_245' title='bbox 1164 4145 1235 4195; x_wconf 90' lang='lat' dir='ltr'>nos</span> <span class='ocrx_word' id='word_1_246' title='bbox 1261 4119 1401 4195; x_wconf 88' lang='lat' dir='ltr'>divites</span> 
     </span>
     <span class='ocr_line' id='line_1_33' title="bbox 164 4235 1402 4336; baseline -0.002 -23"><span class='ocrx_word' id='word_1_247' title='bbox 164 4263 348 4330; x_wconf 83' lang='lat' dir='ltr'>essemus,</span> <span class='ocrx_word' id='word_1_248' title='bbox 366 4262 438 4336; x_wconf 91' lang='lat' dir='ltr'>per</span> <span class='ocrx_word' id='word_1_249' title='bbox 461 4237 627 4313; x_wconf 87' lang='lat' dir='ltr'>calcatas</span> <span class='ocrx_word' id='word_1_250' title='bbox 653 4237 791 4313; x_wconf 91' lang='lat' dir='ltr'>mundi</span> <span class='ocrx_word' id='word_1_251' title='bbox 817 4262 910 4336; x_wconf 88' lang='lat' dir='ltr'>opes</span> <span class='ocrx_word' id='word_1_252' title='bbox 936 4236 1096 4310; x_wconf 87' lang='lat' dir='ltr'>liberius</span> <span class='ocrx_word' id='word_1_253' title='bbox 1120 4242 1160 4311; x_wconf 90' lang='lat' dir='ltr'>et</span> <span class='ocrx_word' id='word_1_254' title='bbox 1184 4235 1402 4334; x_wconf 85' lang='lat' dir='ltr'>expeditius</span> 
     </span>
     <span class='ocr_line' id='line_1_34' title="bbox 164 4349 1401 4453; baseline -0.002 -25"><span class='ocrx_word' id='word_1_255' title='bbox 164 4362 387 4453; x_wconf 87' lang='lat' dir='ltr'>sequantur,</span> <span class='ocrx_word' id='word_1_256' title='bbox 411 4378 603 4428; x_wconf 89' lang='lat' dir='ltr'>memores</span> <span class='ocrx_word' id='word_1_257' title='bbox 628 4353 812 4428; x_wconf 87' lang='lat' dir='ltr'>salutaris</span> <span class='ocrx_word' id='word_1_258' title='bbox 837 4352 945 4428; x_wconf 90' lang='lat' dir='ltr'>illius</span> <span class='ocrx_word' id='word_1_259' title='bbox 970 4350 1017 4427; x_wconf 92' lang='lat' dir='ltr'>B.</span> <span class='ocrx_word' id='word_1_260' title='bbox 1042 4351 1224 4449; x_wconf 89' lang='lat' dir='ltr'>Apostoli</span> <span class='ocrx_word' id='word_1_261' title='bbox 1250 4349 1401 4443; x_wconf 92' lang='lat' dir='ltr'>moniti,</span> 
     </span>
     <span class='ocr_line' id='line_1_35' title="bbox 164 4466 1402 4568; baseline -0.002 -24"><span class='ocrx_word' id='word_1_262' title='bbox 164 4469 231 4568; x_wconf 92' lang='lat' dir='ltr'>qui</span> <span class='ocrx_word' id='word_1_263' title='bbox 265 4469 410 4544; x_wconf 87' lang='lat' dir='ltr'>clamat</span> <span class='ocrx_word' id='word_1_264' title='bbox 442 4475 483 4544; x_wconf 86' lang='lat' dir='ltr'>et</span> <span class='ocrx_word' id='word_1_265' title='bbox 516 4469 630 4544; x_wconf 91' lang='lat' dir='ltr'>dicit:</span> <span class='ocrx_word' id='word_1_266' title='bbox 675 4495 788 4544; x_wconf 88' lang='lat' dir='ltr'>nemo</span> <span class='ocrx_word' id='word_1_267' title='bbox 823 4469 998 4544; x_wconf 90' lang='lat' dir='ltr'>militans</span> <span class='ocrx_word' id='word_1_268' title='bbox 1034 4467 1117 4543; x_wconf 93' lang='lat' dir='ltr'>Deo</span> <span class='ocrx_word' id='word_1_269' title='bbox 1150 4466 1328 4564; x_wconf 91' lang='lat' dir='ltr'>implicat</span> <span class='ocrx_word' id='word_1_270' title='bbox 1361 4491 1402 4542; x_wconf 88' lang='lat' dir='ltr'>se</span> 
     </span>
     <span class='ocr_line' id='line_1_36' title="bbox 165 4583 1400 4684; baseline -0.001 -26"><span class='ocrx_word' id='word_1_271' title='bbox 165 4585 332 4684; x_wconf 87' lang='lat' dir='ltr'>negotiis</span> <span class='ocrx_word' id='word_1_272' title='bbox 366 4586 639 4678; x_wconf 88' lang='lat' dir='ltr'>saecularibus,</span> <span class='ocrx_word' id='word_1_273' title='bbox 677 4592 721 4660; x_wconf 90' lang='lat' dir='ltr'>ut</span> <span class='ocrx_word' id='word_1_274' title='bbox 754 4585 789 4660; x_wconf 93' lang='lat' dir='ltr'>ei</span> <span class='ocrx_word' id='word_1_275' title='bbox 828 4585 980 4683; x_wconf 89' lang='lat' dir='ltr'>placeat</span> <span class='ocrx_word' id='word_1_276' title='bbox 1013 4583 1074 4658; x_wconf 89' lang='lat' dir='ltr'>cui</span> <span class='ocrx_word' id='word_1_277' title='bbox 1109 4609 1150 4658; x_wconf 88' lang='lat' dir='ltr'>se</span> <span class='ocrx_word' id='word_1_278' title='bbox 1184 4583 1400 4681; x_wconf 86' lang='lat' dir='ltr'>probavit,’&#39;</span> 
     </span>
    </p>
   </div>
   <div class='ocr_carea' id='block_1_5' title="bbox 0 0 1578 5242">
    <p class='ocr_par' dir='ltr' id='par_1_6' title="bbox 0 0 1578 5242">
     <span class='ocr_line' id='line_1_37' title="bbox 0 0 1578 5242; baseline 0 0"><span class='ocrx_word' id='word_1_279' title='bbox 0 0 1578 5242; x_wconf 95' lang='lat' dir='ltr'> </span> 
     </span>
    </p>
   </div>
  </div>
 </body>
</html>
