3204 5242
402 481 546 528 coner.
574 467 805 529 “nouanos
834 462 1128 529 rosrrrrcns.''
1317 465 1379 529 217

146 660 212 702 non
226 660 316 704 secus
329 663 366 704 ac
379 638 539 725 regulares
553 640 640 704 intra
649 638 786 704 claustra
795 638 951 722 viventes,
963 648 1194 725 praeterquam
1209 639 1244 703 in
1258 639 1382 704 casibus

145 764 166 806 a
175 742 245 806 inre
256 743 445 807 nominatim
459 743 625 829 expressis,
637 751 670 808 et
682 743 858 831 generatim
872 743 907 807 in
921 741 962 807 iis
971 764 1053 830 quae
1066 751 1260 807 concernunt
1274 764 1382 806 curam

146 845 326 910 animarum
339 854 372 910 et
385 856 654 911 sacramentorum
668 846 985 912 administrationem.

190 947 399 1035 Praecipuum
420 949 504 1015 hano
520 972 619 1036 qnam
638 949 845 1015 definivimus
862 951 1111 1016 controversiam
1130 951 1232 1016 altera
1244 951 1383 1038 excipie-

146 1051 201 1118 bat
214 1051 329 1136 affinis,
342 1052 385 1118 de
398 1052 592 1140 obligatione
605 1077 670 1141 qua
682 1062 849 1119 teneantur
863 1054 1012 1119 Rectoros
1026 1055 1214 1119 missionum
1229 1055 1380 1121 creditam

146 1155 298 1221 habentes
310 1157 492 1222 animarum
505 1180 625 1241 curam,
640 1179 813 1245 eorumque
826 1158 949 1240 vicarii,
960 1158 1080 1245 aliique
1093 1158 1235 1244 religiosi
1249 1157 1381 1240 sodales,

146 1260 353 1333 facultatibus
372 1260 509 1349 praediti
530 1284 612 1348 quae
637 1262 846 1327 missionariis
866 1261 1092 1345 conceduntur,
1114 1270 1153 1326 ut
1173 1262 1322 1327 intersint
1342 1261 1383 1326 iis

147 1364 234 1429 Cleri
247 1365 467 1448 conventibus,
481 1388 563 1453 quos
582 1367 753 1431 collationes
771 1388 828 1431 scu
848 1364 1049 1450 consuestiaa
1062 1376 1188 1449 vorant,
1203 1389 1305 1453 neque
1318 1389 1383 1430 non

147 1467 286 1554 synodis
305 1468 506 1535 dioecesanis.
551 1469 654 1536 Cuius
674 1469 867 1556 quaestionis
886 1470 938 1535 vis
959 1476 992 1534 et
1012 1471 1094 1535 ratio
1114 1479 1153 1535 ut
1173 1469 1383 1556 intelligatur,

147 1582 284 1658 praestat
297 1596 472 1638 memorare
485 1572 571 1661 quod
587 1573 622 1637 in
637 1573 782 1657 Concilio
792 1572 1121 1639 Westmonasteriensi
1133 1573 1329 1640 Provinciali
1343 1591 1384 1639 Ν

147 1677 339 1763 praecipitur
355 1675 411 1742 lris
425 1677 552 1743 verbis:
574 1676 641 1742 “Si
659 1676 725 1743 duo
738 1675 792 1743 vel
814 1677 923 1764 plnres
942 1677 1009 1741 sint
1026 1677 1201 1743 sacerdotes
1220 1677 1256 1742 in
1275 1675 1384 1742 eadem

146 1779 305 1864 missione,
327 1802 430 1845 unum
455 1789 608 1867 tanquam
636 1781 779 1868 primum
808 1780 1051 1867 designandum,
1073 1781 1132 1867 qui
1157 1789 1247 1868 gerat
1274 1803 1383 1846 curam

146 1883 327 1949 animarum
340 1893 374 1949 et
385 1883 694 1949 administrationem
710 1883 870 1950 Ecclesiae
899 1934 907 1950 .
940 1934 948 1951 .
980 1933 989 1951 .
1019 1887 1137 1950 ceteros
1152 1908 1261 1950 omnes
1274 1907 1384 1975 cnmm

147 2010 245 2076 quam
258 1987 377 2052 habent
390 1988 572 2054 animarum
585 2011 660 2053 cum
674 1988 885 2075 dependentia
898 2012 918 2054 a
932 1988 1039 2075 primo
1052 1985 1249 2054 exeruere.''¹
1287 1988 1385 2055 Com-

147 2099 237 2179 perta
250 2091 358 2178 itaque
371 2076 577 2157 natura'facti
595 2090 637 2158 de
651 2115 716 2179 quo
732 2093 849 2179 agitur,
865 2102 897 2158 et
909 2103 1030 2158 semota
1043 2093 1199 2180 tantisper
1217 2117 1255 2158 ea
1273 2115 1385 2180 quaes·

147 2195 244 2260 tionis
272 2206 362 2282 parte
389 2219 472 2283 quae
500 2194 647 2283 Synodos
675 2196 813 2282 respicit,
834 2195 956 2284 ambigi
986 2197 1106 2283 nequit,
1129 2197 1210 2285 quin
1236 2196 1386 2261 Rectores
1447 2234 1455 2248 ·

147 2300 336 2365 missionum
350 2298 457 2365 adesse
470 2299 607 2365 debeant
626 2300 666 2366 iis
686 2300 773 2366 Cleri
792 2301 942 2383 coetibus,
958 2301 1016 2387 qui
1036 2301 1209 2365 sedationes
1221 2299 1384 2366 dicuntur.

148 2403 298 2491 Namque
317 2426 429 2469 eorum
453 2427 547 2469 mrrsa
571 2405 681 2469 eadem
706 2403 806 2469 ferme
831 2413 879 2469 est
902 2427 940 2469 ao
964 2404 1174 2491 parochorum
1186 2430 1195 2486 3
1232 2405 1385 2491 parochos

147 2516 253 2572 autem
274 2508 371 2573 etiam
393 2507 553 2594 regulares
571 2531 609 2572 ea
628 2507 823 2594 obligatione
836 2506 993 2594 adstringi
1014 2517 1047 2573 et
1066 2508 1176 2573 docuit
1194 2507 1385 2573 Benedictus

148 2610 255 2680 XIV.
278 2611 416 2678 Constit.
438 2611 622 2677 manau-u
648 2612 665 2689 ἓ
688 2615 810 2678 6.v111
832 2611 913 2677 Idus
938 2611 1386 2695 Novembr.unocxn1v,et

147 2737 271 2779 sacrum
293 2715 473 2781 Consilium
499 2715 697 2780 Tridentinis
721 2714 854 2780 decretis
875 2715 1119 2800 interpretandis
1140 2715 1261 2802 pluries
1281 2714 1385 2780 decla

149 2816 257 2884 ravit²
298 2818 398 2884 Recte
425 2817 525 2906 igitur
554 2817 589 2883 in
618 2818 779 2905 praedicta
802 2817 934 2904 Synodo
960 2818 1291 2884 ll'cstmonastericnsi
1320 2819 1385 2884 fuit

148 2922 356 2988 constitutum
378 2922 456 2987 “Ad
479 2945 571 2987 suam
596 2922 797 2988 collationem
822 2931 971 2988 tenentur
995 2923 1173 3006 convenire,
1196 2921 1385 3008 respondere

148 3027 249 3113 parati
264 3049 375 3092 omnes
392 3026 566 3092 sacerdotes
584 3026 757 3091 saeculares
776 3035 808 3091 et
827 3026 996 3112 regulares,
1010 3025 1110 3091 salvis
1124 3049 1235 3090 eornm
1248 3026 1384 3109 iuribus,

148 3131 204 3217 qui
240 3153 350 3195 curam
381 3129 500 3196 habent
530 3129 742 3195 animarum.’'
805 3130 912 3195 Aliter
948 3129 1120 3194 dicendum
1145 3130 1309 3196 videretur
1345 3129 1385 3194 de

148 3234 285 3316 vicariis,
306 3234 442 3322 aliisque
462 3234 619 3321 religiosis
640 3234 721 3300 viris
741 3234 914 3321 apostolica
935 3234 1047 3298 munia
1067 3234 1269 3300 obeuntibus.
1318 3233 1385 3298 His

148 3339 234 3403 enim
248 3339 410 3425 integrum
421 3337 551 3425 quidem
566 3348 613 3403 est
626 3337 666 3402 de
680 3339 748 3402 iure
761 3339 917 3402 constituto
932 3361 952 3402 a
966 3339 1147 3402 nreurorutis
1161 3337 1384 3403 collationibus

148 3443 315 3525 abstinere,
329 3451 427 3528 prout
442 3442 521 3506 alias
536 3443 600 3507 suit
613 3465 633 3507 a
646 3465 734 3507 sacra
748 3443 1002 3530 Congregatione
1017 3441 1153 3506 Concilii
1167 3438 1386 3507 declaratum.³

148 3548 197 3612 At
228 3546 299 3612 Nos
327 3546 460 3611 minime
492 3547 642 3633 praeterit
678 3546 860 3612 Concilium
896 3544 1081 3610 Romanum
1117 3545 1264 3610 habitum
1300 3568 1385 3610 anno

149 3669 324 3716 nruccxxv
351 3650 538 3715 auctoritate
566 3649 731 3715 Benedicti
756 3649 867 3715 XIII.
892 3650 1018 3714 iussisse
1045 3650 1251 3714 confessarios
1276 3671 1385 3716 omnes

149 3756 245 3820 ctiam
265 3778 307 3820 ex
328 3754 496 3819 ordinibus
516 3754 718 3840 regularibus
743 3753 828 3818 intra
852 3754 931 3818 fines
952 3753 1135 3840 provinciae
1156 3762 1385 3818 commorantes

149 3869 256 3924 coctus
283 3858 358 3924 illos
385 3857 542 3924 celebrare
575 3857 780 3922 “dummodo
809 3857 944 3922 morales
974 3858 1008 3921 in
1037 3880 1148 3922 eorum
1176 3856 1385 3922 conventibus
1459 3916 1463 3928 ,

151 3963 299 4028 lectiones
313 3985 378 4027 non
397 3959 606 4027 habeantur.'’
650 3962 764 4043 Quum
778 3971 884 4055 autem
899 3962 986 4048 quod
1006 3962 1075 4025 sine
1089 3961 1199 4025 effectu
1214 3961 1337 4047 geritur
1351 3959 1386 4024 id

150 4066 217 4153 geri
232 4065 324 4131 nullo
339 4066 434 4131 modo
446 4066 602 4149 videatur,
613 4088 738 4130 sacrum
753 4065 933 4131 Consilium
945 4064 1116 4129 christiano
1131 4064 1254 4128 nomini
1269 4086 1386 4150 propa-

151 4168 256 4257 gando
270 4169 383 4234 merito
393 4169 583 4234 existimans
597 4167 783 4235 domesticas
798 4167 994 4254 regularium
1008 4167 1192 4233 collationes
1207 4167 1242 4230 in
1252 4167 1386 4254 quibus-

186 4357 280 4410 ¹Dccr.
291 4373 355 4410 xnr.
367 4376 392 4409 n.
406 4359 429 4409 2.

185 4439 424 4507 'lbroaunproaa‘ca
435 4441 451 4490 5
463 4438 596 4506 Septemb.
608 4440 674 4490 1650
686 4438 745 4491 Lib.
759 4439 791 4490 19
803 4438 880 4490 Decr.
986 4500 989 4505 Ι

185 4520 424 4588 'Foroaunproaicn
439 4523 470 4573 12
482 4521 550 4572 Maii
563 4523 627 4572 1681
640 4521 699 4573 Lib.
711 4523 744 4572 53
756 4520 833 4572 Decr.
844 4521 889 4572 sol.
901 4523 950 4571 238
961 4521 1143 4588 Aquipcudica.
1156 4518 1218 4572 l'V.
1230 4519 1274 4571 SS.
1286 4519 1341 4571 LL.
1354 4520 1386 4570 12

153 4604 248 4655 Martii
259 4606 333 4656 1718.
