3142 5242
168 440 229 500 llo
362 452 783 501 1111111111-11
813 452 919 500 1110
947 452 1205 499 Asinianum.

166 617 452 708 promoveatur.
507 609 566 683 De
601 607 769 683 collectis
802 608 976 684 fidelium
1011 607 1269 708 elecmosynis
1302 632 1395 706 (1110

167 750 300 800 omnes
334 725 542 801 mittantur
577 725 814 823 Lugdunum
848 726 899 801 ad
936 725 993 825 pii
1027 724 1157 823 operis
1192 725 1394 799 directores

165 841 376 941 generales,
410 842 510 916 ratio
544 842 701 917 dabitur
728 842 845 939 juxta
879 867 1058 917 normam
1092 840 1302 932 societatis,
1335 840 1391 914 rel

166 958 242 1033 alio
285 960 412 1050 modo,
452 965 569 1057 prout
607 957 799 1056 Episcopo
838 957 963 1055 magis
1005 956 1206 1057 placuerit.
1278 957 1395 1031 Amor

166 1074 321 1173 quidem
349 1100 442 1172 erga
468 1074 606 1166 Deum,
632 1072 689 1149 uti
714 1098 928 1172 speramus,
952 1099 1087 1149 omnes
1112 1072 1335 1149 stimulabit
1356 1080 1396 1147 ut

165 1216 307 1289 parvas
337 1216 428 1265 suas
457 1190 588 1288 copias
617 1190 818 1266 conferant
846 1192 897 1265 ad
926 1193 1149 1288 augendum
1179 1215 1280 1288 opus
1310 1188 1394 1263 mis·

144 1302 318 1381 ¹sionum
350 1306 637 1381 Catholicarum
672 1332 742 1406 per
770 1314 896 1383 toturn
931 1307 1065 1381 orbern
1095 1306 1330 1381 diffusarum
1361 1313 1396 1379 et

165 1423 482 1522 amplificandum
524 1448 688 1522 regnum
724 1422 892 1517 Christi3
935 1429 977 1498 at
1013 1422 1132 1498 simul
1175 1422 1395 1497 meminisse

169 1541 295 1638 juvat,
323 1540 544 1615 societatem
573 1539 702 1634 istam,
733 1548 790 1615 “a
819 1566 897 1639 qua
925 1547 984 1616 tot
1013 1565 1058 1615 ac
1085 1547 1199 1615 tanta
1228 1540 1332 1614 bona
1357 1537 1395 1613 in

164 1683 247 1732 rem
279 1656 518 1732 Catholicam
548 1656 591 1731 in
618 1657 680 1731 his
707 1656 931 1755 regionibus
953 1657 1039 1755 jam
1067 1656 1247 1732 derivata
1272 1653 1394 1748 suut,”

165 1800 209 1849 eo
227 1774 377 1871 majora
402 1772 667 1871 indigentibus
689 1771 832 1847 nostris
852 1771 1103 1847 missionibus
1123 1772 1272 1847 auxilia
1291 1796 1394 1872 prae

165 1899 268 1964 stare
293 1915 416 1988 posse,
441 1914 516 1988 quo
544 1888 753 1987 ampliores
779 1894 818 1963 et
842 1888 1038 1963 uberiores
1062 1887 1140 1987 ipsi
1166 1876 1395 1973 contulerint

165 2006 440 2104 eleemosynas.

215 2263 287 2355 §3.
321 2261 378 2334 De
404 2261 640 2335 Societctidua
664 2262 713 2334 cd
741 2262 1029 2359 Temperantiam
1056 2261 1349 2335 Promooendcm.

214 2461 298 2536 260.
339 2459 608 2535 Dubitandum
643 2485 721 2534 non
751 2466 810 2535 est
839 2460 933 2558 quin
962 2459 1065 2534 inter
1095 2460 1200 2534 mala
1230 2485 1330 2559 quac
1357 2460 1394 2534 in

163 2576 236 2651 hac
269 2576 427 2673 regione
465 2575 633 2650 11111110
667 2575 866 2668 deflemus
901 2577 1162 2672 reputandum
1206 2575 1260 2651 sit
1300 2576 1395 2651 illud

164 2693 267 2790 quod
310 2691 350 2765 in
385 2699 550 2790 potuum
585 2691 862 2766 inebriantiunr
906 2692 1030 2766 abusu
1069 2691 1257 2768 consistit.
1327 2693 1393 2766 Est

164 2808 268 2882 enim
294 2807 518 2904 hujusmodi
540 2834 714 2882 excessus
738 2808 883 2906 peccati
909 2809 1031 2882 fornes
1051 2815 1264 2907 perpetuus
1284 2810 1392 2883 mise.-

163 2924 387 3021 riarumque
415 2924 523 3022 origo
551 2926 759 3015 foecunda3
795 2924 973 2999 homines
1000 2925 1226 2999 innumeros
1256 2926 1392 3000 famili·

164 3066 282 3139 usque
299 3040 471 3137 integras
488 3040 604 3114 ruina
621 3041 792 3138 pessima
808 3040 948 3132 obruit,
964 3040 1189 3139 animasque
1207 3042 1392 3139 plurimas

164 3156 203 3230 in
235 3155 396 3230 exitium
427 3164 629 3230 aeternum
664 3156 893 3255 praecipites
928 3157 1059 3231 trahit.
1130 3157 1184 3232 Et
1213 3160 1390 3257 quoniam

164 3274 235 3347 hoc
265 3272 405 3346 vitium
440 3272 557 3346 otiam
593 3273 695 3346 inter
725 3273 942 3347 Catholicos
977 3299 1054 3349 non
1085 3300 1226 3373 parum
1262 3276 1391 3361 saevit,

164 3389 388 3463 scandalum
432 3388 653 3463 acatholicis
694 3391 810 3464 datur
852 3416 1114 3489 magnumque
1154 3392 1390 3467 obstaculum

162 3505 361 3603 religionis
383 3505 602 3579 dilatationi
629 3506 848 3604 opponitur.
902 3507 1141 3581 Christianos
1167 3506 1291 3606 igitur
1317 3535 1390 3583 orn·

164 3648 230 3696 nes
256 3628 296 3695 et
320 3621 520 3719 religionis
548 3630 587 3696 et
613 3622 763 3720 patriae
789 3648 898 3697 arnor
925 3630 1037 3721 urget
1061 3631 1106 3697 ut
1130 3623 1239 3698 omni
1268 3625 1390 3700 studio

163 3742 256 3813 dent
282 3763 439 3835 operam
466 3737 555 3812 huic
580 3738 761 3835 pestifero
789 3740 892 3813 malo
919 3739 1159 3836 extirpando

212 3857 296 3928 261.
333 3854 397 3927 Ab
424 3854 618 3928 Ecclesiae
644 3856 917 3945 sacerdotibus,
936 3856 1076 3954 quibus
1103 3855 1210 3930 Deus
1230 3858 1390 3934 officium

163 3970 270 4044 dedit
295 3969 471 4043 homines
498 3971 614 4044 verbo
642 3971 745 4045 vitae
770 3971 973 4046 erudiendi
1004 3972 1191 4069 bonisque
1223 3976 1391 4049 moribus

162 4084 409 4178 informandi,
436 4086 624 4160 1111111111
660 4086 701 4161 111
736 4087 874 4185 primis
909 4113 1120 4186 speramus.
1182 4088 1392 4190 Nunquam

161 4209 311 4276 cessent
327 4210 460 4275 contra
477 4202 701 4277 ebrietatem
727 4205 886 4301 ejusque
904 4204 1119 4279 occasiones
1137 4207 1293 4281 fortiter
1309 4233 1390 4281 cun·

161 4319 349 4409 clarnaro;
377 4318 605 4415 praesertim
624 4345 714 4393 voro
737 4346 856 4418 quum
879 4320 1059 4395 exercitia
1083 4321 1309 4418 spiritualia
1325 4348 1392 4422 pro

162 4435 305 4531 populo
336 4435 492 4508 habent.
547 4435 742 4509 Memores
773 4437 890 4510 etiam
923 4437 1118 4512 doctrinae
1144 4439 1394 4536 Apostolicac

161 4551 314 4647 plebem
345 4551 590 4623 commissam
626 4577 673 4625 01
708 4551 837 4626 1111110
874 4555 1036 4627 doceant
1068 4553 1260 4651 scriptum
1291 4581 1391 4630 esso:
