<?xml version="1.0" encoding="UTF-8"?>
<!DOCTYPE html PUBLIC "-//W3C//DTD XHTML 1.0 Transitional//EN"
    "http://www.w3.org/TR/xhtml1/DTD/xhtml1-transitional.dtd">
<html xmlns="http://www.w3.org/1999/xhtml" xml:lang="en" lang="en">
 <head>
  <title>
</title>
<meta http-equiv="Content-Type" content="text/html;charset=utf-8" />
  <meta name='ocr-system' content='tesseract 3.04.00' />
  <meta name='ocr-capabilities' content='ocr_page ocr_carea ocr_par ocr_line ocrx_word'/>
</head>
<body>
  <div class='ocr_page' id='page_1' title='image "./actaetdecretaco00gibbgoog_0110.png"; bbox 0 0 3142 5242; ppageno 0'>
   <div class='ocr_carea' id='block_1_1' title="bbox 282 456 1399 505">
    <p class='ocr_par' dir='ltr' id='par_1_1' title="bbox 282 456 1399 505">
     <span class='ocr_line' id='line_1_1' title="bbox 282 456 1399 505; baseline 0.002 -2"><span class='ocrx_word' id='word_1_1' title='bbox 282 457 501 505; x_wconf 68' lang='lat' dir='ltr'>Responsa</span> <span class='ocrx_word' id='word_1_2' title='bbox 527 457 559 505; x_wconf 83' lang='lat' dir='ltr'>S.</span> <span class='ocrx_word' id='word_1_3' title='bbox 582 457 702 505; x_wconf 82' lang='lat' dir='ltr'>SEDIS</span> <span class='ocrx_word' id='word_1_4' title='bbox 728 457 785 503; x_wconf 81' lang='lat' dir='ltr'>AD</span> <span class='ocrx_word' id='word_1_5' title='bbox 810 456 1061 504; x_wconf 83' lang='lat' dir='ltr'>POSTULATA</span> <span class='ocrx_word' id='word_1_6' title='bbox 1087 456 1279 504; x_wconf 81' lang='lat' dir='ltr'><strong>PATBUM.</strong></span> <span class='ocrx_word' id='word_1_7' title='bbox 1357 461 1399 505; x_wconf 78' lang='lat' dir='ltr'>CV</span> 
     </span>
    </p>
   </div>
   <div class='ocr_carea' id='block_1_2' title="bbox 234 707 1325 942">
    <p class='ocr_par' dir='ltr' id='par_1_2' title="bbox 234 707 1325 942">
     <span class='ocr_line' id='line_1_2' title="bbox 620 707 937 787; baseline 0.016 -5"><span class='ocrx_word' id='word_1_8' title='bbox 620 707 670 782; x_wconf 89' lang='lat' dir='ltr'>V.</span> <span class='ocrx_word' id='word_1_9' title='bbox 699 708 937 787; x_wconf 80' lang='lat' dir='ltr'>Ducanruu.</span> 
     </span>
     <span class='ocr_line' id='line_1_3' title="bbox 234 873 1325 942; baseline 0.004 -4"><span class='ocrx_word' id='word_1_10' title='bbox 234 873 291 938; x_wconf 78' lang='lat' dir='ltr'>Da</span> <span class='ocrx_word' id='word_1_11' title='bbox 313 874 549 940; x_wconf 78' lang='lat' dir='ltr'>Exruusrona</span> <span class='ocrx_word' id='word_1_12' title='bbox 571 875 863 940; x_wconf 79' lang='lat' dir='ltr'>Consurrurronrs</span> <span class='ocrx_word' id='word_1_13' title='bbox 885 883 1073 938; x_wconf 77' lang='lat' dir='ltr'><strong><em>ROMANOS</em></strong></span> <span class='ocrx_word' id='word_1_14' title='bbox 1092 883 1325 942; x_wconf 69' lang='lat' dir='ltr'>PONTH&#39;IOES.</span> 
     </span>
    </p>
   </div>
   <div class='ocr_carea' id='block_1_3' title="bbox 138 1026 1398 2771">
    <p class='ocr_par' dir='ltr' id='par_1_3' title="bbox 138 1026 1398 2363">
     <span class='ocr_line' id='line_1_4' title="bbox 203 1026 1398 1114; baseline -0.003 -19"><span class='ocrx_word' id='word_1_15' title='bbox 203 1027 289 1095; x_wconf 73' lang='lat' dir='ltr'>(rum</span> <span class='ocrx_word' id='word_1_16' title='bbox 310 1028 422 1094; x_wconf 90' lang='lat' dir='ltr'>Patres</span> <span class='ocrx_word' id='word_1_17' title='bbox 442 1028 476 1093; x_wconf 93' lang='lat' dir='ltr'>in</span> <span class='ocrx_word' id='word_1_18' title='bbox 497 1028 644 1095; x_wconf 86' lang='lat' dir='ltr'>Concilio</span> <span class='ocrx_word' id='word_1_19' title='bbox 665 1028 816 1094; x_wconf 89' lang='lat' dir='ltr'>Plenario</span> <span class='ocrx_word' id='word_1_20' title='bbox 835 1028 945 1093; x_wconf 88' lang='lat' dir='ltr'>Tertio</span> <span class='ocrx_word' id='word_1_21' title='bbox 967 1026 1192 1092; x_wconf 89' lang='lat' dir='ltr'>Baltimorensi</span> <span class='ocrx_word' id='word_1_22' title='bbox 1214 1026 1398 1114; x_wconf 85' lang='lat' dir='ltr'>congregati</span> 
     </span>
     <span class='ocr_line' id='line_1_5' title="bbox 159 1129 1397 1219; baseline 0.001 -23"><span class='ocrx_word' id='word_1_23' title='bbox 159 1132 254 1198; x_wconf 89' lang='lat' dir='ltr'>enixe</span> <span class='ocrx_word' id='word_1_24' title='bbox 282 1155 303 1197; x_wconf 90' lang='lat' dir='ltr'>a</span> <span class='ocrx_word' id='word_1_25' title='bbox 321 1131 447 1199; x_wconf 83' lang='lat' dir='ltr'>Sancta</span> <span class='ocrx_word' id='word_1_26' title='bbox 471 1131 553 1198; x_wconf 84' lang='lat' dir='ltr'>Sede</span> <span class='ocrx_word' id='word_1_27' title='bbox 580 1132 865 1219; x_wconf 79' lang='lat' dir='ltr'>expostulaverint,</span> <span class='ocrx_word' id='word_1_28' title='bbox 894 1139 933 1196; x_wconf 92' lang='lat' dir='ltr'>ut</span> <span class='ocrx_word' id='word_1_29' title='bbox 963 1130 1006 1196; x_wconf 90' lang='lat' dir='ltr'>ad</span> <span class='ocrx_word' id='word_1_30' title='bbox 1039 1129 1214 1195; x_wconf 79' lang='lat' dir='ltr'>Ecclesiam</span> <span class='ocrx_word' id='word_1_31' title='bbox 1246 1130 1397 1197; x_wconf 89' lang='lat' dir='ltr'>Statuum</span> 
     </span>
     <span class='ocr_line' id='line_1_6' title="bbox 161 1234 1398 1324; baseline 0 -24"><span class='ocrx_word' id='word_1_32' title='bbox 161 1234 410 1301; x_wconf 81' lang='lat' dir='ltr'><strong>Foederatorum</strong></span> <span class='ocrx_word' id='word_1_33' title='bbox 443 1236 610 1302; x_wconf 75' lang='lat' dir='ltr'>Ameriae</span> <span class='ocrx_word' id='word_1_34' title='bbox 642 1235 906 1324; x_wconf 89' lang='lat' dir='ltr'>Septentrionalis</span> <span class='ocrx_word' id='word_1_35' title='bbox 942 1235 1138 1302; x_wconf 83' lang='lat' dir='ltr'>Constitutio</span> <span class='ocrx_word' id='word_1_36' title='bbox 1170 1257 1251 1322; x_wconf 89' lang='lat' dir='ltr'>quae</span> <span class='ocrx_word' id='word_1_37' title='bbox 1284 1235 1398 1322; x_wconf 80' lang='lat' dir='ltr'>incipit</span> 
     </span>
     <span class='ocr_line' id='line_1_7' title="bbox 161 1337 1398 1428; baseline 0.001 -24"><span class='ocrx_word' id='word_1_38' title='bbox 161 1337 354 1405; x_wconf 91' lang='lat' dir='ltr'>“Romanos</span> <span class='ocrx_word' id='word_1_39' title='bbox 374 1339 546 1405; x_wconf 87' lang='lat' dir='ltr'>Pontifices</span> <span class='ocrx_word' id='word_1_40' title='bbox 557 1338 577 1371; x_wconf 87' lang='lat'>&#39;&#39;</span> <span class='ocrx_word' id='word_1_41' title='bbox 599 1362 660 1428; x_wconf 89' lang='lat' dir='ltr'>pro</span> <span class='ocrx_word' id='word_1_42' title='bbox 674 1340 799 1427; x_wconf 86' lang='lat' dir='ltr'>Anglia</span> <span class='ocrx_word' id='word_1_43' title='bbox 819 1348 852 1405; x_wconf 91' lang='lat' dir='ltr'>et</span> <span class='ocrx_word' id='word_1_44' title='bbox 873 1339 980 1405; x_wconf 88' lang='lat' dir='ltr'>Scotia</span> <span class='ocrx_word' id='word_1_45' title='bbox 998 1338 1051 1404; x_wconf 93' lang='lat' dir='ltr'>die</span> <span class='ocrx_word' id='word_1_46' title='bbox 1072 1343 1092 1404; x_wconf 90' lang='lat'><em>8</em></span> <span class='ocrx_word' id='word_1_47' title='bbox 1112 1337 1195 1424; x_wconf 90' lang='lat' dir='ltr'>Maji</span> <span class='ocrx_word' id='word_1_48' title='bbox 1212 1342 1294 1405; x_wconf 88' lang='lat'>1881</span> <span class='ocrx_word' id='word_1_49' title='bbox 1312 1338 1398 1405; x_wconf 87' lang='lat' dir='ltr'>edita</span> 
     </span>
     <span class='ocr_line' id='line_1_8' title="bbox 158 1441 1397 1532; baseline -0.001 -23"><span class='ocrx_word' id='word_1_50' title='bbox 158 1442 393 1520; x_wconf 78' lang='lat' dir='ltr'>extenderetur,</span> <span class='ocrx_word' id='word_1_51' title='bbox 406 1442 502 1510; x_wconf 86' lang='lat' dir='ltr'>Sacra</span> <span class='ocrx_word' id='word_1_52' title='bbox 523 1443 601 1510; x_wconf 90' lang='lat' dir='ltr'>haec</span> <span class='ocrx_word' id='word_1_53' title='bbox 621 1443 836 1532; x_wconf 76' lang='lat' dir='ltr'>congregatio</span> <span class='ocrx_word' id='word_1_54' title='bbox 851 1441 1051 1530; x_wconf 90' lang='lat' dir='ltr'>perpendens</span> <span class='ocrx_word' id='word_1_55' title='bbox 1069 1464 1107 1507; x_wconf 88' lang='lat' dir='ltr'>ea</span> <span class='ocrx_word' id='word_1_56' title='bbox 1124 1465 1207 1529; x_wconf 93' lang='lat' dir='ltr'>quae</span> <span class='ocrx_word' id='word_1_57' title='bbox 1224 1442 1397 1529; x_wconf 88' lang='lat' dir='ltr'>providen-</span> 
     </span>
     <span class='ocr_line' id='line_1_9' title="bbox 158 1545 1396 1634; baseline 0.001 -24"><span class='ocrx_word' id='word_1_58' title='bbox 158 1545 280 1612; x_wconf 83' lang='lat' dir='ltr'>tissime</span> <span class='ocrx_word' id='word_1_59' title='bbox 308 1546 343 1612; x_wconf 92' lang='lat' dir='ltr'>in</span> <span class='ocrx_word' id='word_1_60' title='bbox 373 1547 434 1612; x_wconf 90' lang='lat' dir='ltr'>hac</span> <span class='ocrx_word' id='word_1_61' title='bbox 462 1547 699 1614; x_wconf 80' lang='lat' dir='ltr'>Constitutione</span> <span class='ocrx_word' id='word_1_62' title='bbox 720 1546 988 1634; x_wconf 90' lang='lat' dir='ltr'>praescribuntur,</span> <span class='ocrx_word' id='word_1_63' title='bbox 1010 1569 1201 1632; x_wconf 84' lang='lat' dir='ltr'>magnopere</span> <span class='ocrx_word' id='word_1_64' title='bbox 1221 1546 1396 1612; x_wconf 89' lang='lat' dir='ltr'>conditioni</span> 
     </span>
     <span class='ocr_line' id='line_1_10' title="bbox 158 1649 1396 1739; baseline 0 -23"><span class='ocrx_word' id='word_1_65' title='bbox 158 1649 300 1737; x_wconf 90' lang='lat' dir='ltr'>ejusdem</span> <span class='ocrx_word' id='word_1_66' title='bbox 315 1651 475 1717; x_wconf 74' lang='lat' dir='ltr'>Ecclesiae</span> <span class='ocrx_word' id='word_1_67' title='bbox 488 1675 672 1739; x_wconf 84' lang='lat' dir='ltr'>congruere,</span> <span class='ocrx_word' id='word_1_68' title='bbox 682 1651 899 1736; x_wconf 81' lang='lat' dir='ltr'>libentissime,</span> <span class='ocrx_word' id='word_1_69' title='bbox 911 1659 950 1716; x_wconf 89' lang='lat' dir='ltr'>ut</span> <span class='ocrx_word' id='word_1_70' title='bbox 962 1674 982 1716; x_wconf 90' lang='lat' dir='ltr'>a</span> <span class='ocrx_word' id='word_1_71' title='bbox 996 1649 1107 1716; x_wconf 87' lang='lat' dir='ltr'>SSmo.</span> <span class='ocrx_word' id='word_1_72' title='bbox 1119 1650 1262 1716; x_wconf 91' lang='lat' dir='ltr'>Domino</span> <span class='ocrx_word' id='word_1_73' title='bbox 1277 1651 1396 1717; x_wconf 91' lang='lat' dir='ltr'>Nostro</span> 
     </span>
     <span class='ocr_line' id='line_1_11' title="bbox 158 1754 1396 1843; baseline 0 -23"><span class='ocrx_word' id='word_1_74' title='bbox 158 1754 266 1821; x_wconf 88' lang='lat' dir='ltr'>Leone</span> <span class='ocrx_word' id='word_1_75' title='bbox 281 1754 350 1821; x_wconf 91' lang='grc' dir='ltr'>ΡΡ.</span> <span class='ocrx_word' id='word_1_76' title='bbox 366 1755 479 1822; x_wconf 92' lang='grc' dir='ltr'><strong>ΧΙΙΙ.</strong></span> <span class='ocrx_word' id='word_1_77' title='bbox 494 1756 680 1842; x_wconf 87' lang='lat' dir='ltr'>hujusmodi</span> <span class='ocrx_word' id='word_1_78' title='bbox 696 1756 832 1821; x_wconf 87' lang='lat' dir='ltr'>Patrum</span> <span class='ocrx_word' id='word_1_79' title='bbox 846 1777 953 1843; x_wconf 86' lang='lat' dir='ltr'>preces</span> <span class='ocrx_word' id='word_1_80' title='bbox 967 1754 1198 1841; x_wconf 88' lang='lat' dir='ltr'>exciperentur,</span> <span class='ocrx_word' id='word_1_81' title='bbox 1213 1755 1396 1842; x_wconf 88' lang='lat' dir='ltr'>supplican-</span> 
     </span>
     <span class='ocr_line' id='line_1_12' title="bbox 157 1857 1396 1945; baseline 0.001 -22"><span class='ocrx_word' id='word_1_82' title='bbox 157 1857 235 1923; x_wconf 89' lang='lat' dir='ltr'>dum</span> <span class='ocrx_word' id='word_1_83' title='bbox 258 1881 325 1924; x_wconf 88' lang='lat' dir='ltr'>esse</span> <span class='ocrx_word' id='word_1_84' title='bbox 345 1858 521 1926; x_wconf 84' lang='lat' dir='ltr'>duxerunt.</span> <span class='ocrx_word' id='word_1_85' title='bbox 566 1860 664 1925; x_wconf 91' lang='lat' dir='ltr'>Hanc</span> <span class='ocrx_word' id='word_1_86' title='bbox 684 1882 761 1925; x_wconf 90' lang='lat' dir='ltr'>vero</span> <span class='ocrx_word' id='word_1_87' title='bbox 786 1859 899 1926; x_wconf 81' lang='lat' dir='ltr'>Sacrae</span> <span class='ocrx_word' id='word_1_88' title='bbox 920 1858 1186 1945; x_wconf 77' lang='lat' dir='ltr'>congregationis</span> <span class='ocrx_word' id='word_1_89' title='bbox 1207 1860 1396 1924; x_wconf 85' lang='lat' dir='ltr'>sententiam</span> 
     </span>
     <span class='ocr_line' id='line_1_13' title="bbox 157 1961 1395 2046; baseline -0.001 -18"><span class='ocrx_word' id='word_1_90' title='bbox 157 1961 293 2029; x_wconf 90' lang='lat' dir='ltr'>Summo</span> <span class='ocrx_word' id='word_1_91' title='bbox 314 1963 467 2029; x_wconf 90' lang='lat' dir='ltr'>Pontifici</span> <span class='ocrx_word' id='word_1_92' title='bbox 489 1963 592 2029; x_wconf 88' lang='lat' dir='ltr'>Leoni</span> <span class='ocrx_word' id='word_1_93' title='bbox 614 1963 683 2029; x_wconf 90' lang='grc' dir='ltr'>ΡΡ.</span> <span class='ocrx_word' id='word_1_94' title='bbox 699 1962 811 2029; x_wconf 93' lang='lat' dir='ltr'><strong>XIII.</strong></span> <span class='ocrx_word' id='word_1_95' title='bbox 827 1987 847 2029; x_wconf 88' lang='lat' dir='ltr'>a</span> <span class='ocrx_word' id='word_1_96' title='bbox 869 1963 911 2029; x_wconf 89' lang='lat' dir='ltr'>R.</span> <span class='ocrx_word' id='word_1_97' title='bbox 928 1963 967 2029; x_wconf 91' lang='lat' dir='ltr'>P.</span> <span class='ocrx_word' id='word_1_98' title='bbox 983 1962 1026 2028; x_wconf 91' lang='lat' dir='ltr'>D.</span> <span class='ocrx_word' id='word_1_99' title='bbox 1043 1962 1214 2028; x_wconf 89' lang='lat' dir='ltr'>Dominioo</span> <span class='ocrx_word' id='word_1_100' title='bbox 1236 1962 1395 2046; x_wconf 83' lang='lat' dir='ltr'>Jacobini,</span> 
     </span>
     <span class='ocr_line' id='line_1_14' title="bbox 158 2066 1395 2155; baseline -0.001 -23"><span class='ocrx_word' id='word_1_101' title='bbox 158 2066 408 2155; x_wconf 85' lang='lat' dir='ltr'>Archiepiseopo</span> <span class='ocrx_word' id='word_1_102' title='bbox 427 2068 576 2154; x_wconf 85' lang='lat' dir='ltr'>Tyrensi,</span> <span class='ocrx_word' id='word_1_103' title='bbox 591 2068 732 2153; x_wconf 90' lang='lat' dir='ltr'>ejusdem</span> <span class='ocrx_word' id='word_1_104' title='bbox 752 2067 866 2133; x_wconf 81' lang='lat' dir='ltr'>Sacrae</span> <span class='ocrx_word' id='word_1_105' title='bbox 884 2066 1150 2153; x_wconf 80' lang='lat' dir='ltr'>Congregationis</span> <span class='ocrx_word' id='word_1_106' title='bbox 1169 2067 1345 2150; x_wconf 90' lang='lat' dir='ltr'>secretario,</span> <span class='ocrx_word' id='word_1_107' title='bbox 1360 2067 1395 2132; x_wconf 89' lang='lat' dir='ltr'>in</span> 
     </span>
     <span class='ocr_line' id='line_1_15' title="bbox 138 2169 1395 2258; baseline 0 -22"><span class='ocrx_word' id='word_1_108' title='bbox 138 2170 320 2244; x_wconf 85' lang='lat' dir='ltr'>audientia</span> <span class='ocrx_word' id='word_1_109' title='bbox 340 2172 406 2236; x_wconf 92' lang='lat' dir='ltr'>diei</span> <span class='ocrx_word' id='word_1_110' title='bbox 430 2175 471 2237; x_wconf 92' lang='lat'>10</span> <span class='ocrx_word' id='word_1_111' title='bbox 493 2171 689 2258; x_wconf 84' lang='lat' dir='ltr'>Septembris</span> <span class='ocrx_word' id='word_1_112' title='bbox 712 2175 798 2238; x_wconf 86' lang='lat'>1885</span> <span class='ocrx_word' id='word_1_113' title='bbox 820 2171 963 2255; x_wconf 89' lang='lat' dir='ltr'>relatam,</span> <span class='ocrx_word' id='word_1_114' title='bbox 985 2170 1143 2236; x_wconf 78' lang='lat' dir='ltr'>Sanctitas</span> <span class='ocrx_word' id='word_1_115' title='bbox 1168 2170 1234 2236; x_wconf 90' lang='lat' dir='ltr'>Sua</span> <span class='ocrx_word' id='word_1_116' title='bbox 1258 2169 1395 2258; x_wconf 87' lang='lat' dir='ltr'>benigne</span> 
     </span>
     <span class='ocr_line' id='line_1_16' title="bbox 156 2273 1226 2363; baseline 0.001 -24"><span class='ocrx_word' id='word_1_117' title='bbox 156 2276 333 2361; x_wconf 89' lang='lat' dir='ltr'>approbare</span> <span class='ocrx_word' id='word_1_118' title='bbox 347 2276 480 2362; x_wconf 82' lang='lat' dir='ltr'>dignata</span> <span class='ocrx_word' id='word_1_119' title='bbox 492 2285 550 2359; x_wconf 80' lang='lat' dir='ltr'>est,</span> <span class='ocrx_word' id='word_1_120' title='bbox 565 2284 596 2342; x_wconf 90' lang='lat' dir='ltr'>et</span> <span class='ocrx_word' id='word_1_121' title='bbox 610 2298 758 2363; x_wconf 88' lang='lat' dir='ltr'>praesens</span> <span class='ocrx_word' id='word_1_122' title='bbox 771 2274 944 2340; x_wconf 89' lang='lat' dir='ltr'>Decretum</span> <span class='ocrx_word' id='word_1_123' title='bbox 959 2273 1102 2360; x_wconf 89' lang='lat' dir='ltr'>expediri</span> <span class='ocrx_word' id='word_1_124' title='bbox 1120 2275 1226 2361; x_wconf 86' lang='lat' dir='ltr'>jussit.</span> 
     </span>
    </p>

    <p class='ocr_par' dir='ltr' id='par_1_4' title="bbox 158 2377 1395 2570">
     <span class='ocr_line' id='line_1_17' title="bbox 200 2377 1395 2466; baseline 0 -22"><span class='ocrx_word' id='word_1_125' title='bbox 200 2377 326 2444; x_wconf 90' lang='lat' dir='ltr'>Datum</span> <span class='ocrx_word' id='word_1_126' title='bbox 341 2379 473 2463; x_wconf 87' lang='lat' dir='ltr'>Romae,</span> <span class='ocrx_word' id='word_1_127' title='bbox 488 2402 530 2444; x_wconf 88' lang='lat' dir='ltr'>ex</span> <span class='ocrx_word' id='word_1_128' title='bbox 543 2380 691 2445; x_wconf 88' lang='lat' dir='ltr'>Aedibus</span> <span class='ocrx_word' id='word_1_129' title='bbox 709 2379 822 2445; x_wconf 80' lang='lat' dir='ltr'>Sacrae</span> <span class='ocrx_word' id='word_1_130' title='bbox 841 2378 1108 2466; x_wconf 71' lang='lat' dir='ltr'>congregationis</span> <span class='ocrx_word' id='word_1_131' title='bbox 1127 2378 1168 2444; x_wconf 90' lang='lat' dir='ltr'>de</span> <span class='ocrx_word' id='word_1_132' title='bbox 1182 2379 1395 2464; x_wconf 90' lang='lat' dir='ltr'>Propaganda</span> 
     </span>
     <span class='ocr_line' id='line_1_18' title="bbox 158 2481 706 2570; baseline 0.007 -24"><span class='ocrx_word' id='word_1_133' title='bbox 158 2481 250 2565; x_wconf 84' lang='lat' dir='ltr'>Fide,</span> <span class='ocrx_word' id='word_1_134' title='bbox 261 2481 315 2548; x_wconf 91' lang='lat' dir='ltr'>die</span> <span class='ocrx_word' id='word_1_135' title='bbox 330 2485 372 2548; x_wconf 82' lang='lat'>25</span> <span class='ocrx_word' id='word_1_136' title='bbox 387 2482 593 2570; x_wconf 89' lang='lat' dir='ltr'>Septembris,</span> <span class='ocrx_word' id='word_1_137' title='bbox 611 2486 706 2550; x_wconf 88' lang='lat'><strong>1885.</strong></span> 
     </span>
    </p>

    <p class='ocr_par' dir='ltr' id='par_1_5' title="bbox 576 2585 1348 2771">
     <span class='ocr_line' id='line_1_19' title="bbox 576 2585 1261 2670; baseline -0.001 -18"><span class='ocrx_word' id='word_1_138' title='bbox 576 2587 742 2652; x_wconf 74' lang='lat' dir='ltr'>Jonrurss</span> <span class='ocrx_word' id='word_1_139' title='bbox 764 2587 877 2653; x_wconf 66' lang='lat' dir='ltr'>Clau.</span> <span class='ocrx_word' id='word_1_140' title='bbox 894 2588 1057 2668; x_wconf 78' lang='lat' dir='ltr'>Smnonr,</span> <span class='ocrx_word' id='word_1_141' title='bbox 1074 2585 1261 2670; x_wconf 75' lang='lat' dir='ltr'>Praefectus.</span> 
     </span>
     <span class='ocr_line' id='line_1_20' title="bbox 757 2689 1348 2771; baseline -0.002 -15"><span class='ocrx_word' id='word_1_142' title='bbox 757 2689 791 2756; x_wconf 64' lang='lat' dir='ltr'>a</span> <span class='ocrx_word' id='word_1_143' title='bbox 806 2691 849 2756; x_wconf 93' lang='lat' dir='ltr'>D.</span> <span class='ocrx_word' id='word_1_144' title='bbox 865 2690 1251 2771; x_wconf 78' lang='lat' dir='ltr'>Ancnrsr.Trasus1s,</span> <span class='ocrx_word' id='word_1_145' title='bbox 1267 2690 1348 2755; x_wconf 80' lang='lat' dir='ltr'>Secr.</span> 
     </span>
    </p>
   </div>
   <div class='ocr_carea' id='block_1_4' title="bbox 589 2897 958 2973">
    <p class='ocr_par' dir='ltr' id='par_1_6' title="bbox 589 2897 958 2973">
     <span class='ocr_line' id='line_1_21' title="bbox 589 2897 958 2973; baseline 0 -1"><span class='ocrx_word' id='word_1_146' title='bbox 589 2897 662 2972; x_wconf 87' lang='lat' dir='ltr'>VI.</span> <span class='ocrx_word' id='word_1_147' title='bbox 700 2898 958 2973; x_wconf 71' lang='lat' dir='ltr'>Responsura.</span> 
     </span>
    </p>
   </div>
   <div class='ocr_carea' id='block_1_5' title="bbox 155 3074 1392 3164">
    <p class='ocr_par' dir='ltr' id='par_1_7' title="bbox 155 3074 1392 3164">
     <span class='ocr_line' id='line_1_22' title="bbox 155 3074 1392 3164; baseline 0 -17"><span class='ocrx_word' id='word_1_148' title='bbox 155 3082 214 3148; x_wconf 81' lang='lat' dir='ltr'>Du</span> <span class='ocrx_word' id='word_1_149' title='bbox 238 3083 372 3164; x_wconf 69' lang='lat' dir='ltr'>unsre,</span> <span class='ocrx_word' id='word_1_150' title='bbox 395 3082 683 3146; x_wconf 74' lang='lat' dir='ltr'>Dacusnarrons</span> <span class='ocrx_word' id='word_1_151' title='bbox 705 3074 960 3146; x_wconf 75' lang='lat' dir='ltr'>Bansmorrns</span> <span class='ocrx_word' id='word_1_152' title='bbox 983 3100 1028 3144; x_wconf 75' lang='lat' dir='ltr'>ur</span> <span class='ocrx_word' id='word_1_153' title='bbox 1050 3081 1392 3161; x_wconf 70' lang='lat' dir='ltr'>Quasr-Dorncrnro.</span> 
     </span>
    </p>
   </div>
   <div class='ocr_carea' id='block_1_6' title="bbox 155 3251 1348 3423">
    <p class='ocr_par' dir='ltr' id='par_1_8' title="bbox 155 3251 1348 3423">
     <span class='ocr_line' id='line_1_23' title="bbox 763 3251 1348 3335; baseline 0 -18"><span class='ocrx_word' id='word_1_154' title='bbox 763 3252 891 3334; x_wconf 64' lang='lat' dir='ltr'>Ranae,</span> <span class='ocrx_word' id='word_1_155' title='bbox 910 3253 959 3315; x_wconf 84' lang='lat' dir='ltr'>die</span> <span class='ocrx_word' id='word_1_156' title='bbox 981 3254 1021 3316; x_wconf 81' lang='lat'>31</span> <span class='ocrx_word' id='word_1_157' title='bbox 1047 3251 1232 3335; x_wconf 76' lang='lat' dir='ltr'>Decembris,</span> <span class='ocrx_word' id='word_1_158' title='bbox 1253 3256 1348 3317; x_wconf 84' lang='lat'><strong>1885.</strong></span> 
     </span>
     <span class='ocr_line' id='line_1_24' title="bbox 155 3356 600 3423; baseline -0.007 -1"><span class='ocrx_word' id='word_1_159' title='bbox 155 3357 252 3423; x_wconf 72' lang='lat' dir='ltr'>Illum.</span> <span class='ocrx_word' id='word_1_160' title='bbox 275 3379 315 3422; x_wconf 86' lang='lat' dir='ltr'>oe</span> <span class='ocrx_word' id='word_1_161' title='bbox 336 3357 424 3422; x_wconf 71' lang='lat' dir='ltr'>Rene.</span> <span class='ocrx_word' id='word_1_162' title='bbox 448 3356 600 3420; x_wconf 67' lang='lat' dir='ltr'>Dotatae.-</span> 
     </span>
    </p>
   </div>
   <div class='ocr_carea' id='block_1_7' title="bbox 153 3509 1406 3992">
    <p class='ocr_par' dir='ltr' id='par_1_9' title="bbox 153 3509 1406 3992">
     <span class='ocr_line' id='line_1_25' title="bbox 198 3509 1392 3597; baseline -0.003 -21"><span class='ocrx_word' id='word_1_163' title='bbox 198 3510 255 3576; x_wconf 81' lang='lat' dir='ltr'>Ab</span> <span class='ocrx_word' id='word_1_164' title='bbox 280 3509 509 3597; x_wconf 88' lang='lat' dir='ltr'>Amplitudine</span> <span class='ocrx_word' id='word_1_165' title='bbox 534 3511 606 3575; x_wconf 87' lang='lat' dir='ltr'>Tua</span> <span class='ocrx_word' id='word_1_166' title='bbox 635 3510 765 3575; x_wconf 91' lang='lat' dir='ltr'>nomine</span> <span class='ocrx_word' id='word_1_167' title='bbox 791 3509 927 3574; x_wconf 85' lang='lat' dir='ltr'>Petrum</span> <span class='ocrx_word' id='word_1_168' title='bbox 953 3509 1091 3574; x_wconf 84' lang='lat' dir='ltr'>Concilii</span> <span class='ocrx_word' id='word_1_169' title='bbox 1106 3510 1218 3574; x_wconf 66' lang='lat' dir='ltr'>Tertii</span> <span class='ocrx_word' id='word_1_170' title='bbox 1250 3509 1392 3575; x_wconf 89' lang='lat' dir='ltr'>Plenarii</span> 
     </span>
     <span class='ocr_line' id='line_1_26' title="bbox 155 3612 1394 3700; baseline -0.001 -20"><span class='ocrx_word' id='word_1_171' title='bbox 155 3613 399 3680; x_wconf 87' lang='lat' dir='ltr'>Baltimorensis</span> <span class='ocrx_word' id='word_1_172' title='bbox 417 3635 551 3700; x_wconf 88' lang='lat' dir='ltr'>sequens</span> <span class='ocrx_word' id='word_1_173' title='bbox 569 3613 761 3700; x_wconf 90' lang='lat' dir='ltr'>supplicatio</span> <span class='ocrx_word' id='word_1_174' title='bbox 780 3613 914 3679; x_wconf 86' lang='lat' dir='ltr'>Summo</span> <span class='ocrx_word' id='word_1_175' title='bbox 936 3613 1085 3678; x_wconf 90' lang='lat' dir='ltr'>Pontifici</span> <span class='ocrx_word' id='word_1_176' title='bbox 1105 3612 1250 3679; x_wconf 86' lang='lat' dir='ltr'>exhibita</span> <span class='ocrx_word' id='word_1_177' title='bbox 1269 3613 1341 3696; x_wconf 88' lang='lat' dir='ltr'>fuit,</span> <span class='ocrx_word' id='word_1_178' title='bbox 1356 3623 1394 3679; x_wconf 91' lang='lat' dir='ltr'>ut</span> 
     </span>
     <span class='ocr_line' id='line_1_27' title="bbox 155 3716 1406 3805; baseline 0 -23"><span class='ocrx_word' id='word_1_179' title='bbox 155 3719 224 3784; x_wconf 88' lang='lat' dir='ltr'>dies</span> <span class='ocrx_word' id='word_1_180' title='bbox 240 3717 315 3784; x_wconf 85' lang='lat' dir='ltr'>festi</span> <span class='ocrx_word' id='word_1_181' title='bbox 334 3717 375 3783; x_wconf 90' lang='lat' dir='ltr'>‹le</span> <span class='ocrx_word' id='word_1_182' title='bbox 393 3726 559 3805; x_wconf 82' lang='lat' dir='ltr'>praecepto</span> <span class='ocrx_word' id='word_1_183' title='bbox 579 3716 622 3783; x_wconf 89' lang='lat' dir='ltr'>ad</span> <span class='ocrx_word' id='word_1_184' title='bbox 644 3717 800 3804; x_wconf 89' lang='lat' dir='ltr'>quosdam</span> <span class='ocrx_word' id='word_1_185' title='bbox 820 3716 1045 3782; x_wconf 87' lang='lat' dir='ltr'>determinatos</span> <span class='ocrx_word' id='word_1_186' title='bbox 1066 3717 1101 3781; x_wconf 92' lang='lat' dir='ltr'>in</span> <span class='ocrx_word' id='word_1_187' title='bbox 1123 3717 1273 3782; x_wconf 89' lang='lat' dir='ltr'>omnibus</span> <span class='ocrx_word' id='word_1_188' title='bbox 1296 3716 1406 3782; x_wconf 42' lang='lat' dir='ltr'>Dice*</span> 
     </span>
     <span class='ocr_line' id='line_1_28' title="bbox 153 3819 1394 3907; baseline -0.002 -19"><span class='ocrx_word' id='word_1_189' title='bbox 153 3822 277 3888; x_wconf 88' lang='lat' dir='ltr'>cesibus</span> <span class='ocrx_word' id='word_1_190' title='bbox 301 3821 452 3889; x_wconf 83' lang='lat' dir='ltr'>Statuum</span> <span class='ocrx_word' id='word_1_191' title='bbox 478 3820 728 3887; x_wconf 86' lang='lat' dir='ltr'>Foederatorum</span> <span class='ocrx_word' id='word_1_192' title='bbox 754 3821 920 3886; x_wconf 85' lang='lat' dir='ltr'>Americae</span> <span class='ocrx_word' id='word_1_193' title='bbox 944 3819 1207 3907; x_wconf 87' lang='lat' dir='ltr'>Septentrionalis</span> <span class='ocrx_word' id='word_1_194' title='bbox 1229 3819 1394 3906; x_wconf 88' lang='lat' dir='ltr'>juvandos</span> 
     </span>
     <span class='ocr_line' id='line_1_29' title="bbox 154 3925 387 3992; baseline -0.004 0"><span class='ocrx_word' id='word_1_195' title='bbox 154 3925 387 3992; x_wconf 87' lang='lat' dir='ltr'>reducerentur.</span> 
     </span>
    </p>
   </div>
   <div class='ocr_carea' id='block_1_8' title="bbox 155 4100 475 4165">
    <p class='ocr_par' dir='ltr' id='par_1_10' title="bbox 155 4100 475 4165">
     <span class='ocr_line' id='line_1_30' title="bbox 155 4100 475 4165; baseline 0.003 -1"><span class='ocrx_word' id='word_1_196' title='bbox 155 4101 336 4165; x_wconf 63' lang='lat' dir='ltr'>Beutr‘aedaw</span> <span class='ocrx_word' id='word_1_197' title='bbox 358 4100 475 4165; x_wconf 75' lang='lat' dir='ltr'>Pater:</span> 
     </span>
    </p>
   </div>
   <div class='ocr_carea' id='block_1_9' title="bbox 155 4253 1523 4654">
    <p class='ocr_par' dir='ltr' id='par_1_11' title="bbox 155 4253 1523 4654">
     <span class='ocr_line' id='line_1_31' title="bbox 199 4253 1523 4339; baseline -0.002 -19"><span class='ocrx_word' id='word_1_198' title='bbox 199 4254 294 4320; x_wconf 88' lang='lat' dir='ltr'>Intra</span> <span class='ocrx_word' id='word_1_199' title='bbox 333 4255 412 4320; x_wconf 89' lang='lat' dir='ltr'>fines</span> <span class='ocrx_word' id='word_1_200' title='bbox 450 4253 599 4320; x_wconf 83' lang='lat' dir='ltr'>Statuum</span> <span class='ocrx_word' id='word_1_201' title='bbox 636 4253 885 4319; x_wconf 82' lang='lat' dir='ltr'>Foederatorum</span> <span class='ocrx_word' id='word_1_202' title='bbox 922 4253 1089 4319; x_wconf 87' lang='lat' dir='ltr'>Americae</span> <span class='ocrx_word' id='word_1_203' title='bbox 1129 4253 1393 4339; x_wconf 89' lang='lat' dir='ltr'>Septentrionalis</span> <span class='ocrx_word' id='word_1_204' title='bbox 1457 4331 1458 4335; x_wconf 7' lang='grc' dir='ltr'><strong>Ἰ</strong></span> <span class='ocrx_word' id='word_1_205' title='bbox 1516 4272 1523 4285; x_wconf 89' lang='grc'><em>·</em></span> 
     </span>
     <span class='ocr_line' id='line_1_32' title="bbox 155 4356 1392 4448; baseline -0.002 -25"><span class='ocrx_word' id='word_1_206' title='bbox 155 4381 272 4446; x_wconf 86' lang='lat' dir='ltr'>magna</span> <span class='ocrx_word' id='word_1_207' title='bbox 294 4357 418 4423; x_wconf 87' lang='lat' dir='ltr'>obtinet</span> <span class='ocrx_word' id='word_1_208' title='bbox 438 4357 608 4424; x_wconf 88' lang='lat' dir='ltr'>diversitas</span> <span class='ocrx_word' id='word_1_209' title='bbox 629 4358 664 4422; x_wconf 94' lang='lat' dir='ltr'>in</span> <span class='ocrx_word' id='word_1_210' title='bbox 686 4356 893 4423; x_wconf 90' lang='lat' dir='ltr'>observandis</span> <span class='ocrx_word' id='word_1_211' title='bbox 912 4357 1025 4422; x_wconf 90' lang='lat' dir='ltr'>diebus</span> <span class='ocrx_word' id='word_1_212' title='bbox 1046 4356 1133 4448; x_wconf 89' lang='lat' dir='ltr'>festis</span> <span class='ocrx_word' id='word_1_213' title='bbox 1154 4356 1195 4421; x_wconf 90' lang='lat' dir='ltr'>de</span> <span class='ocrx_word' id='word_1_214' title='bbox 1216 4367 1392 4444; x_wconf 81' lang='lat' dir='ltr'>praecepto.</span> 
     </span>
     <span class='ocr_line' id='line_1_33' title="bbox 157 4461 1393 4549; baseline -0.002 -23"><span class='ocrx_word' id='word_1_215' title='bbox 157 4461 200 4526; x_wconf 94' lang='lat' dir='ltr'>In</span> <span class='ocrx_word' id='word_1_216' title='bbox 224 4462 299 4528; x_wconf 89' lang='lat' dir='ltr'>aliis</span> <span class='ocrx_word' id='word_1_217' title='bbox 323 4462 409 4527; x_wconf 90' lang='lat' dir='ltr'>enim</span> <span class='ocrx_word' id='word_1_218' title='bbox 436 4461 515 4527; x_wconf 88' lang='lat' dir='ltr'>locis</span> <span class='ocrx_word' id='word_1_219' title='bbox 539 4462 692 4549; x_wconf 90' lang='lat' dir='ltr'>quinque,</span> <span class='ocrx_word' id='word_1_220' title='bbox 717 4461 752 4526; x_wconf 92' lang='lat' dir='ltr'>in</span> <span class='ocrx_word' id='word_1_221' title='bbox 783 4461 857 4527; x_wconf 90' lang='lat' dir='ltr'>aliis</span> <span class='ocrx_word' id='word_1_222' title='bbox 881 4483 959 4527; x_wconf 89' lang='lat' dir='ltr'>vero</span> <span class='ocrx_word' id='word_1_223' title='bbox 984 4484 1112 4544; x_wconf 91' lang='lat' dir='ltr'>novem,</span> <span class='ocrx_word' id='word_1_224' title='bbox 1137 4461 1172 4525; x_wconf 93' lang='lat' dir='ltr'>in</span> <span class='ocrx_word' id='word_1_225' title='bbox 1200 4461 1273 4526; x_wconf 90' lang='lat' dir='ltr'>aliis</span> <span class='ocrx_word' id='word_1_226' title='bbox 1298 4461 1393 4526; x_wconf 91' lang='lat' dir='ltr'>etiam</span> 
     </span>
     <span class='ocr_line' id='line_1_34' title="bbox 156 4563 1395 4654; baseline 0.001 -25"><span class='ocrx_word' id='word_1_227' title='bbox 156 4565 265 4654; x_wconf 88' lang='lat' dir='ltr'>plures</span> <span class='ocrx_word' id='word_1_228' title='bbox 279 4575 458 4649; x_wconf 90' lang='lat' dir='ltr'>servantur,</span> <span class='ocrx_word' id='word_1_229' title='bbox 472 4565 552 4631; x_wconf 89' lang='lat' dir='ltr'>adeo</span> <span class='ocrx_word' id='word_1_230' title='bbox 568 4575 606 4629; x_wconf 89' lang='lat' dir='ltr'>ut</span> <span class='ocrx_word' id='word_1_231' title='bbox 624 4586 689 4630; x_wconf 91' lang='lat' dir='ltr'>non</span> <span class='ocrx_word' id='word_1_232' title='bbox 708 4574 835 4630; x_wconf 89' lang='lat' dir='ltr'>tantum</span> <span class='ocrx_word' id='word_1_233' title='bbox 849 4564 1027 4648; x_wconf 75' lang='lat' dir='ltr'>acatholici,</span> <span class='ocrx_word' id='word_1_234' title='bbox 1042 4563 1098 4630; x_wconf 90' lang='lat' dir='ltr'>sed</span> <span class='ocrx_word' id='word_1_235' title='bbox 1112 4573 1145 4629; x_wconf 91' lang='lat' dir='ltr'>et</span> <span class='ocrx_word' id='word_1_236' title='bbox 1159 4564 1267 4629; x_wconf 90' lang='lat' dir='ltr'>fideles</span> <span class='ocrx_word' id='word_1_237' title='bbox 1282 4563 1340 4629; x_wconf 88' lang='lat' dir='ltr'>hae</span> <span class='ocrx_word' id='word_1_238' title='bbox 1353 4564 1395 4630; x_wconf 92' lang='lat' dir='ltr'>de</span> 
     </span>
    </p>
   </div>
   <div class='ocr_carea' id='block_1_10' title="bbox 0 0 1576 5242">
    <p class='ocr_par' dir='ltr' id='par_1_12' title="bbox 0 0 1576 5242">
     <span class='ocr_line' id='line_1_35' title="bbox 0 0 1576 5242; baseline 0 1"><span class='ocrx_word' id='word_1_239' title='bbox 0 0 1576 5242; x_wconf 95' lang='lat' dir='ltr'> </span> 
     </span>
    </p>
   </div>
  </div>
 </body>
</html>
