3142 5242
418 479 562 527 consr.
589 462 821 525 “nounuos
851 458 1145 526 cormarcus?
1333 463 1396 525 213

161 635 306 701 veritatis
319 644 414 721 atque
428 634 550 701 ordinis
565 634 749 700 firmitatem
763 658 819 722 per
834 634 1067 722 Episcopcrum
1088 635 1350 727 gubernationem
1364 644 1396 700 et

65 771 75 787 ·
161 739 303 826 regimen
329 761 441 803 rursus
464 738 579 825 adepta
604 748 661 804 est.
705 738 855 825 E'qriscopi
879 740 1001 826 quippe,
1027 740 1133 826 inquit
1161 739 1195 806 S.
1222 737 1394 822 IrenaeuS,l

159 844 373 906 mercationem
401 842 512 907 haberat
539 842 580 907 ab
606 843 772 928 Apostolis,
798 843 852 928 qui
880 865 949 907 cam
978 843 1186 929 Episcopatus
1213 843 1396 907 accensione

160 945 315 1010 clariana
324 947 458 1011 cantatis
472 953 593 1030 certum,
604 947 770 1010 secundum
778 947 930 1033 placitam
944 946 1064 1029 Patris,
1075 953 1255 1033 accepauot
1262 972 1278 1025 ,⁰
1300 957 1396 1033 atque

161 1050 236 1115 inde
249 1051 297 1132 fit,
311 1050 582 1136 quemadmodum
604 1050 637 1115 S.
654 1050 836 1136 Cyprianus
851 1049 981 1133 monet,²
993 1057 1028 1114 ut
1041 1050 1181 1115 Ecclesia
1193 1073 1286 1136 saper
1301 1050 1395 1135 Epia-

159 1176 250 1239 copcs
274 1155 485 1237 comittuntur,
512 1160 539 1217 et
563 1155 662 1217 omnis
686 1161 773 1218 actus
798 1154 953 1218 Eccleaim
972 1177 1032 1241 per
1057 1155 1173 1218 eosdem
1198 1153 1396 1240 Praepcsr'loa

157 1257 351 1342 putandus

203 1361 302 1444 Huic,
332 1385 408 1428 sane
436 1363 572 1449 sapienti
601 1363 736 1428 consilio
765 1363 898 1428 mirifice
926 1362 1091 1450 respondit
1118 1373 1271 1445 eventus3
1301 1363 1396 1449 plura

159 1466 314 1530 nimirum
338 1466 483 1532 Concilio
505 1466 716 1552 provincialia
737 1467 902 1548 celebrata,
926 1489 1008 1552 quae
1030 1455 1247 1531 saluberrimis
1271 1466 1395 1553 legibus

158 1569 306 1656 religiosa
330 1569 519 1634 dioecesium
549 1570 676 1657 negotia
701 1569 913 1635 ordinarunt:
944 1570 1039 1635 latius
1066 1580 1241 1657 propagata
1266 1571 1301 1634 in
1327 1569 1395 1634 dies

157 1673 313 1739 catholiea
326 1673 414 1756 fides,
429 1683 462 1739 et
475 1673 654 1759 complures
669 1673 836 1738 nobilitate
856 1674 980 1759 generis
994 1683 1027 1738 et
1040 1674 1186 1739 doctrina
1199 1681 1395 1760 praestantes

156 1776 198 1842 ad
227 1779 383 1842 unitatem
413 1777 574 1842 Ecclesiae
597 1778 759 1858 revocati;
789 1776 892 1842 clerus
920 1778 1095 1843 admodum
1124 1788 1236 1842 auctus
1248 1804 1257 1859 ;
1286 1787 1395 1842 auctae

157 1883 276 1968 pariter
289 1881 455 1968 religiosae
468 1880 584 1947 domus
605 1904 670 1946 nou
692 1880 789 1947 modo
810 1904 850 1946 ex
870 1880 1071 1967 regularibus
1093 1881 1270 1965 ordinibus,
1283 1881 1340 1946 sed
1353 1904 1395 1946 ex

157 1985 198 2050 iis
225 1986 322 2051 etiam
352 1986 579 2051 recentioribus
609 1985 774 2067 institutis,
803 2007 886 2072 quae
915 1984 1118 2050 moderandis
1146 1984 1394 2051 adolescentium

156 2090 310 2172 moribus,
326 2089 379 2155 vel
402 2089 543 2154 caritatis
564 2088 713 2175 operibus
734 2089 917 2154 exercendis
938 2089 1059 2175 optime
1073 2088 1113 2154 de
1128 2112 1163 2154 re
1176 2089 1351 2154 christiana
1363 2098 1397 2154 et

156 2193 246 2258 civili
267 2195 415 2259 societate
436 2202 621 2258 meruerunt
631 2219 641 2275 ;
663 2193 834 2257 constituta
855 2194 909 2279 pia
929 2190 1084 2258 laieorum
1104 2192 1252 2258 sodalitia
1263 2219 1271 2274 ;
1295 2215 1396 2258 novae

156 2298 322 2362 missiones
350 2320 517 2384 novaeque
544 2296 691 2365 ecclesiae
719 2296 925 2383 quamplures
950 2306 1079 2379 erectae,
1106 2296 1208 2362 nobili
1237 2297 1396 2362 instructu

155 2400 281 2483 divitas,
297 2402 423 2487 egregio
437 2400 527 2466 cultu
541 2400 689 2482 decorae;
710 2400 870 2487 permulta
884 2400 981 2465 etiam
996 2400 1073 2465 item
1095 2400 1223 2466 condita
1243 2400 1396 2486 orphanis

155 2504 279 2569 alendis
300 2504 450 2591 hospitia,
473 2505 654 2587 seminaria,
675 2504 811 2592 collegia
832 2513 863 2568 et
889 2503 1024 2587 scholae,
1046 2505 1081 2568 in
1107 2505 1225 2591 quibus
1247 2503 1340 2590 pueri
1363 2513 1395 2569 et

155 2608 367 2674 adolescentes
381 2608 631 2694 frequentissimi
645 2607 687 2673 ad
701 2608 850 2695 pietatem
865 2630 902 2673 ac
917 2607 1040 2673 litteras
1054 2608 1277 2674 instituuntur.

200 2712 302 2778 Cuius
316 2711 447 2799 quidem
461 2711 508 2776 rei
529 2710 600 2776 laus
613 2734 679 2775 non
693 2711 810 2797 exigua
826 2710 997 2776 tribuenda
1010 2722 1059 2776 est
1073 2711 1277 2776 Britannicae
1290 2712 1395 2798 gentis

156 2816 293 2902 ingeni0,
309 2815 397 2903 quod
418 2824 515 2902 prout
537 2824 683 2880 constans
704 2822 736 2880 et
757 2814 915 2880 invictum
935 2825 984 2880 est
1004 2826 1116 2880 contra
1129 2816 1198 2880 vim
1213 2815 1393 2900 adversam,

156 2920 201 2984 ita
216 2920 360 2985 veritatis
381 2927 414 2984 et
434 2919 568 2985 rationis
582 2941 659 2984 voce
680 2918 775 2983 facilc
795 2918 942 3000 flectitur,
958 2928 995 2982 ut
1009 2918 1144 3004 proinde
1158 2941 1234 2984 vere
1254 2917 1295 2983 de
1315 2918 1394 3005 ipsis

155 3023 275 3088 dixerit
300 3023 520 3087 Tertullianus
545 3022 772 3087 Britannorum
799 3022 956 3086 inaccessa
980 3022 1134 3086 Romanis
1168 3022 1247 3105 loeo,
1274 3021 1393 3088 Christo

154 3125 311 3192 subiecta?
352 3128 402 3191 At
415 3127 622 3212 praecipuum
636 3125 698 3190 sibi
714 3125 819 3190 laudis
834 3126 984 3190 meritum
999 3125 1166 3191 vindicant
1179 3149 1252 3189 curn
1266 3125 1395 3192 assidua

156 3230 389 3316 Episcoporum
415 3230 595 3317 vigilantia,
621 3238 692 3294 tum
719 3229 807 3295 Cleri
832 3229 974 3294 universi
1004 3227 1185 3294 docilis·ad
1216 3228 1393 3314 parendum

156 3334 316 3417 voluntas,
332 3344 481 3421 prompta
494 3333 536 3398 ad
550 3333 711 3420 agendum
725 3333 876 3398 sollertia.

200 3437 421 3503 Nihilominus
436 3424 592 3524 quaedam
607 3460 647 3502 ex
667 3438 737 3522 ipsa
759 3459 865 3502 rerum
887 3437 1068 3503 conditione
1090 3448 1178 3503 ortae
1191 3438 1394 3504 difficultates

154 3542 377 3628 dissensusque
399 3542 483 3606 inter
506 3563 668 3606 sacrorum
692 3541 865 3605 Antistites
887 3550 920 3606 et
943 3541 1066 3606 sodales
1088 3541 1239 3607 ordinum
1265 3543 1394 3626 religio-

154 3669 263 3712 sorum
286 3647 489 3728 obstiterunt,
514 3645 688 3732 quominus
710 3645 870 3710 uberiores
894 3645 1017 3709 fructus
1039 3646 1287 3731 perciperentur.
1334 3646 1393 3711 Illi

154 3751 251 3833 euim,
265 3773 340 3815 cum
362 3750 554 3836 praescripta
575 3748 688 3813 fuisset
708 3771 766 3835 per
780 3760 970 3814 memoratas
984 3748 1124 3813 Litteras
1139 3748 1393 3815 Praedccessoris

154 3853 267 3919 Nostri
281 3853 461 3918 communis
475 3853 555 3917 iuris
565 3852 777 3935 observantia,
789 3852 851 3917 rati
865 3861 943 3917 sunt
955 3875 988 3916 sc
1002 3874 1094 3938 posse
1107 3853 1216 3918 omnia
1227 3852 1393 3919 decernere

154 3981 236 4045 quae
262 3956 305 4023 ad
342 3958 443 4044 ipsius
475 3957 556 4022 iuris
583 3957 802 4021 executionem
830 3957 1000 4042 pertinent,
1029 3979 1152 4043 quaeve
1180 3980 1222 4021 ex
1250 3958 1392 4043 generali

154 4061 314 4126 Ecclesiae
338 4060 509 4147 disciplina
536 4061 769 4146 Episcoporum
794 4060 942 4146 potestati
969 4061 1123 4147 permissa
1146 4071 1231 4126 sunt.
1278 4061 1392 4126 Plures

153 4174 263 4231 contra
283 4187 460 4251 gravesque
480 4187 591 4229 causae
611 4163 831 4250 prohibebant,
847 4186 887 4227 ne
901 4163 1070 4249 peculiaris
1092 4165 1281 4230 missionum
1297 4165 1392 4230 disei-
1473 4212 1482 4229 .

153 4269 255 4355 plina,
269 4292 351 4356 quae
372 4270 437 4333 iarn
458 4269 700 4349 inveteraverat,
723 4276 852 4352 repente
873 4268 1001 4353 penitus
1022 4268 1211 4333 aboleretur.
1256 4267 1313 4333 Ad
1334 4268 1393 4334 has

153 4384 319 4459 propterea
340 4372 543 4437 difficultates
564 4369 751 4437 avertendas
773 4378 804 4435 et
827 4370 1056 4435 controversias
1078 4371 1232 4436 finiendas
1253 4372 1393 4459 Angliae

188 4530 263 4584 ¹Aco.
277 4532 342 4584 uer.
355 4531 401 4583 lib.
415 4531 465 4594 IV,
477 4548 533 4597 cap.
543 4531 582 4595 26,
595 4548 622 4582 n.
634 4531 658 4582 2.
852 4526 929 4581 'Lib
942 4531 996 4582 adr.
1008 4531 1115 4582 iudaeos.
1127 4547 1183 4598 cap.
1195 4533 1219 4584 ὅ.

188 4612 292 4682 ‘Epist
304 4616 336 4666 29
347 4615 382 4665 ad
393 4615 480 4682 lapsos.
