3142 5242
217 463 257 526 28
346 476 528 523 TITULUS
558 477 722 523 Ile-DE
751 476 958 523 PERSONIS
988 455 1351 524 ECCLESIASTICIS.

216 640 436 707 scrutentur
454 634 612 706 demum
638 639 796 723 attente,
816 658 914 731 quae
939 633 991 708 sit
1016 632 1296 708 sententiarum
1321 630 1448 731 gravi·

215 757 276 824 tas
306 755 346 823 et
378 748 568 823 sermonis
602 748 793 846 aptitudo,
823 750 1080 848 perspicuitas
1109 755 1150 825 et
1182 748 1376 847 elegantia
1408 747 1449 822 in

215 864 464 940 conciuncula
506 889 530 938 a
563 863 737 962 quolibet
779 864 922 962 scripto
965 873 1132 940 exarata.
1206 864 1351 964 (Const.
1387 864 1449 939 cit.

218 983 314 1079 §ld
333 982 407 1077 1v.)

265 1100 325 1172 51.
360 1096 521 1190 Verum,
540 1097 581 1171 in
601 1097 751 1196 judicio
777 1099 935 1173 ferendo
963 1100 1013 1174 de
1038 1098 1248 1174 idoneitate
1268 1097 1449 1196 competi·

216 1222 358 1307 torum,
392 1238 471 1287 non
512 1218 668 1288 tantum
711 1212 893 1289 scientiae
927 1213 1107 1289 habenda
1144 1222 1201 1290 est
1236 1214 1348 1308 ratio,
1383 1215 1451 1289 sed

217 1330 383 1405 aliarum
426 1353 578 1429 quoque
618 1329 864 1428 qualitatum,
894 1356 996 1430 quae
1036 1330 1197 1406 rectoris
1231 1330 1451 1406 animarum

216 1452 431 1544 congruant
456 1444 590 1520 officio.
643 1444 770 1521 Probe
786 1445 909 1544 igitur
925 1448 1133 1522 advertant
1157 1445 1450 1538 examinatores,

217 1568 392 1637 accurato
418 1560 595 1636 examine
621 1561 696 1636 sibi
721 1561 999 1661 inquirendum
1025 1588 1119 1656 esse,
1147 1588 1224 1638 non
1250 1562 1378 1637 solum
1404 1563 1451 1637 de

216 1677 526 1753 concurrentium
552 1675 715 1753 scientia
740 1703 785 1753 ac
810 1678 1008 1772 doctrina3
1043 1681 1112 1754 sed
1136 1680 1301 1754 eandem
1331 1677 1451 1752 immo

215 1795 313 1869 forte
350 1794 537 1890 majorem
579 1795 853 1869 conferendam
887 1820 971 1870 esse
1010 1794 1244 1871 industriam
1277 1793 1321 1869 in
1355 1794 1451 1870 alias

217 1912 514 2012 perscrutandas
549 1911 660 1985 dotes
694 1909 916 1999 animarum
948 1910 1132 2009 regimini
1164 1918 1450 1986 consentaneas.

216 2027 277 2103 Ne
303 2027 424 2126 igitur
448 2025 561 2125 gravi
590 2051 660 2101 suo
695 2025 850 2101 muneri
884 2027 1023 2121 desint,
1053 2027 1256 2103 literarum
1290 2027 1452 2125 peritiae

216 2143 400 2219 scrutinio
419 2142 583 2217 minime
601 2141 787 2240 neglecto,
806 2142 1015 2241 diligenter
1033 2141 1235 2242 inquirant
1251 2144 1300 2218 de
1316 2142 1451 2218 ceteris

215 2258 468 2359 qualitatibus
501 2260 694 2355 regendae
728 2257 910 2333 ecclesiae
951 2258 1200 2351 necessariis3
1244 2260 1293 2334 de
1327 2266 1451 2334 aetate

215 2375 369 2467 scilicet,
388 2376 438 2449 de
454 2380 652 2448 anteactae
668 2374 774 2449 vitae
789 2373 951 2467 ratione,
969 2374 1114 2450 muniis
1131 2383 1247 2450 antea
1263 2374 1450 2467 exercitis,

214 2491 408 2591 gravitate
433 2496 474 2565 et
498 2490 701 2565 honestate
734 2515 900 2583 morum,
926 2490 1148 2589 prudentia,
1173 2491 1450 2591 temporalium

214 2632 346 2683 rerum
390 2605 791 2681 administrandarum
834 2605 986 2705 peritia,
1020 2606 1215 2705 obsequiis
1258 2606 1451 2682 Ecclesiae

214 2724 401 2798 hactenus
427 2720 644 2821 praestitis3
671 2720 740 2820 qui
765 2723 924 2797 demum
950 2722 1049 2797 tales
1075 2723 1165 2816 sint,
1184 2730 1339 2798 utores
1363 2749 1451 2797 suas

216 2840 333 2914 verbo
359 2844 400 2913 et
424 2838 601 2936 exemplo
627 2863 784 2937 pascere
810 2845 965 2937 queant.
1022 2839 1169 2938 (Const.
1190 2839 1254 2914 cit.
1272 2840 1446 2938 passim.)

217 2955 276 3030 Dc
300 2954 362 3028 his
388 2954 503 3028 rebus
530 2953 670 3028 notitia
696 2955 961 3051 depromenda
985 2954 1062 3029 erit
1077 2980 1125 3029 ex
1144 2955 1449 3054 probationibus,

216 3069 541 3163 attestationibus,
555 3068 721 3168 aliisquo
736 3068 778 3144 id
795 3095 918 3168 genus
932 3071 1190 3164 adminiculis,
1204 3096 1304 3171 quae
1316 3072 1451 3145 fraude

215 3195 363 3292 vacent,
399 3186 580 3284 intraque
615 3185 828 3260 terminum
862 3186 912 3261 ab
946 3187 1138 3286 Episcopo
1173 3186 1450 3285 assignandum

215 3304 481 3379 exhibeantur.
531 3301 675 3407 (Const.
693 3301 790 3397 cit.§
810 3303 870 3394 16,
890 3305 951 3401 11.)
1000 3302 1150 3392 Quibus
1167 3302 1348 3378 omnibus
1365 3328 1450 3377 con·

209 3420 378 3518 junctim
392 3417 629 3516 ponderatis,
643 3416 836 3492 inhabiles
849 3424 889 3492 et
900 3417 1083 3516 indignos
1096 3443 1167 3518 per
1179 3443 1251 3493 sua
1267 3417 1453 3517 suffragia

214 3535 402 3634 rejiciant,
420 3534 580 3609 idoneos
598 3541 729 3608 autem
747 3532 941 3631 Episcopo
958 3534 1193 3609 renuntient.

263 3655 322 3728 52.
371 3648 718 3724 Examinatoribus
756 3651 1027 3724 tantummodo
1065 3650 1251 3748 competit
1289 3651 1451 3726 facultas

213 3765 466 3845 renuntiandi
489 3772 680 3864 quotquot
701 3766 895 3863 regendae
920 3765 1100 3841 ecclesiae
1117 3766 1271 3840 vacanti
1293 3767 1452 3842 idoneos

209 3883 483 3983 judicaverint,
507 3891 706 3956 reservato
733 3880 800 3956 uni
827 3880 1020 3979 Episcopo
1040 3881 1131 3980 jure
1155 3881 1327 3980 eligendi
1351 3882 1453 3957 inter

215 4001 270 4075 sic
299 4000 457 4075 idoneos
487 4005 674 4097 repertos,
701 4023 817 4096 quem
847 3996 931 4095 ipse
961 3997 1180 4096 digniorem
1209 3997 1251 4073 in
1283 3997 1451 4073 Domino

214 4115 416 4191 censuerit.
483 4114 572 4189 Non
607 4113 728 4211 igitur
762 4113 934 4210 pertinet
958 4115 1009 4189 ad
1034 4115 1320 4189 examinatores
1348 4114 1451 4213 judi·

214 4258 310 4324 care,
336 4232 404 4330 qui
435 4230 560 4327 magis
590 4227 753 4305 idoneus
781 4229 853 4321 sit3
889 4230 1035 4328 poterit
1060 4237 1192 4305 tamen
1223 4230 1451 4329 Episcopus

215 4349 248 4423 si
288 4349 393 4440 velit,
433 4353 641 4443 antequam
680 4346 898 4442 digniorem
942 4372 990 4420 ex
1032 4346 1260 4444 approbatis
1303 4347 1451 4444 seligat,

216 4491 291 4563 quo
321 4463 471 4539 cautius
503 4470 603 4559 agat,
639 4461 948 4537 examinatorum
984 4462 1190 4537 consilium
1241 4463 1452 4562 exquirere.

221 4582 380 4677 (Bened.
421 4578 548 4670 XIV,
576 4579 623 4651 de
666 4578 756 4675 Syn.
798 4578 929 4670 dioec,
965 4577 1033 4653 lib.
1074 4600 1143 4670 IV,
1179 4605 1210 4653 c.
1249 4579 1285 4672 8,
1326 4605 1363 4654 n.
1399 4583 1448 4676 6.)
