3142 5242
419 486 563 532 oousr.
592 471 824 533 t‘nonmucs
855 466 1148 534 Pourrnrcns.''
1335 470 1399 534 215

168 632 362 728 Regularem
393 642 626 728 Episcoporum
655 643 873 709 iurisdictione
901 653 1085 729 exemptum
1114 664 1180 708 esse
1207 652 1397 707 statuerunt.

168 745 271 810 Cuius
298 746 344 810 rei
374 768 439 811 non
466 769 503 811 ea
532 745 595 812 fuit
617 769 711 811 causa
735 747 822 834 quod
846 747 1001 834 placuerit
1025 746 1189 833 religiosas
1218 744 1399 810 sodalitates

167 848 292 934 potiore
312 850 493 916 conditione
514 850 581 915 frui
603 873 700 938 quam
720 851 843 916 clerum
863 850 1072 933 saecularem3
1102 849 1157 915 sed
1178 848 1264 938 quod
1290 871 1398 914 earum

166 951 283 1017 domus
295 951 423 1019 habitae
436 953 559 1019 fuerint
572 954 652 1019 iuris
666 955 792 1020 fictione
805 955 898 1042 quasi
918 954 1078 1020 territoria
1095 953 1251 1042 quaedam
1264 952 1307 1018 ab
1321 952 1399 1039 ipsis

167 1054 362 1122 dioecesibus
381 1058 505 1124 avulsa.
550 1058 606 1124 Ex
627 1082 693 1145 quo
713 1059 834 1124 factum
856 1069 904 1125 est
918 1068 956 1124 ut
968 1058 1134 1145 religiosae
1155 1056 1306 1140 familiae,
1320 1079 1400 1144 quas

169 1161 238 1225 iure
257 1163 420 1226 communi
440 1172 474 1228 et
495 1162 664 1249 Episcopis
681 1174 810 1250 propter
823 1162 1011 1229 hieraticum
1025 1163 1251 1250 principatum,
1265 1170 1298 1226 et
1312 1161 1399 1226 Pou-

167 1262 246 1329 tifici
274 1266 417 1330 maximo
445 1277 575 1353 propter
610 1268 786 1354 primatum
823 1267 1028 1332 Pontificium
1064 1265 1246 1331 immediate
1274 1264 1400 1330 subesse

168 1366 346 1453 oporteret‚¹
368 1368 404 1434 in
426 1369 508 1434 Eius
524 1379 678 1456 potestate
691 1393 757 1436 esse
770 1371 977 1457 perrexerint,
992 1393 1033 1434 ex
1048 1369 1281 1457 Episcoporum
1296 1379 1400 1456 potes-

167 1480 233 1536 tate
260 1495 318 1559 pcr
345 1473 552 1560 privilegium
581 1475 726 1541 exierint.
770 1475 884 1556 Quum
911 1484 1018 1540 autem
1046 1497 1082 1539 re
1110 1473 1179 1560 ipsa
1207 1473 1293 1539 intra
1321 1473 1400 1537 fines

167 1575 358 1642 dioecesium
379 1577 482 1643 vitam
502 1576 630 1665 degant,
647 1577 694 1644 sic
713 1578 811 1644 huius
831 1577 994 1666 privilegii
1015 1587 1190 1664 temperata
1210 1578 1263 1643 vis
1283 1586 1340 1660 est,
1364 1586 1400 1640 ut

166 1691 253 1745 sarta
272 1689 354 1746 tecta
374 1681 417 1746 sit
436 1682 620 1747 dioecesana
640 1683 820 1768 disciplina,
841 1682 983 1770 adeoque
1003 1691 1042 1747 ut
1061 1682 1163 1748 clerus
1188 1681 1343 1769 regularis
1365 1682 1400 1745 in

167 1782 279 1849 multis
289 1785 415 1850 subesse
423 1785 536 1851 debeat
546 1786 715 1873 episcopali
725 1787 874 1873 potestati
882 1786 952 1851 sive
962 1786 1139 1851 ordinariae
1149 1787 1219 1851 sive
1227 1785 1399 1872 delegatae.

212 1887 264 1954 De
291 1888 352 1954 hoc
381 1890 488 1977 itaque
515 1889 686 1978 privilegio
714 1891 926 1976 exemptionis
951 1890 1136 1955 dubitatum
1164 1899 1221 1973 est,
1251 1912 1331 1954 num
1360 1912 1397 1954 eo

168 1993 354 2057 muniantur
375 1993 515 2080 religiosi
536 1993 668 2078 sodales,
683 1994 740 2083 qui
756 1994 790 2058 in
804 1994 927 2081 Anglia
939 2003 972 2060 et
985 1994 1091 2060 Scotia
1104 1995 1292 2059 missionum
1307 2016 1400 2059 causa

166 2096 362 2164 consistunt:
393 2097 428 2162 hi
449 2098 535 2162 enim
558 2098 790 2185 utplurimum
814 2099 850 2163 in
870 2099 1006 2186 privatis
1026 2098 1176 2163 domibus
1204 2099 1298 2181 terni,
1320 2097 1399 2181 bini,

168 2201 328 2266 interdum
350 2202 470 2289 singuli
492 2213 737 2269 commorantur.
783 2203 829 2268 Et
849 2203 998 2291 quamvis
1023 2201 1214 2268 Benedictus
1236 2201 1344 2271 XIV.
1365 2202 1400 2267 in

168 2295 304 2381 Oons‘tit.
320 2306 530 2392 Apostolicum
543 2307 753 2391 raimbertum,
768 2326 812 2372 111
827 2307 933 2382 kalen,
949 2306 1040 2372 Iunii
1060 2329 1145 2371 anno
1167 2305 1401 2371 Incarnationis

166 2407 356 2474 Dominicee
384 2427 555 2494 Muccnm,
581 2421 771 2477 memoratos
798 2410 1014 2476 missionarios
1041 2410 1201 2497 regulares
1229 2409 1400 2497 privilegio

166 2512 288 2599 perfrui
299 2512 515 2597 declaraverit,
525 2513 799 2580 subdubitandum
810 2524 917 2580 tamen
928 2514 1081 2600 Episcopi
1090 2536 1200 2579 rursus
1209 2513 1244 2578 in
1255 2530 1401 2600 praeseus

166 2616 402 2702 existimabant,
417 2641 454 2683 eo
468 2618 565 2705 quod,
580 2619 726 2684 restituta
739 2618 909 2705 episcopali
930 2618 1116 2701 hierarchia,
1132 2640 1200 2683 rem
1214 2617 1400 2682 catholicam

165 2719 208 2785 ad
230 2721 310 2786 iuris
330 2723 509 2787 communis
533 2722 668 2788 formam
691 2723 725 2788 in
748 2746 785 2788 ea
805 2723 934 2810 regione
952 2720 1124 2809 gubernari
1146 2730 1278 2808 oportet
1323 2720 1401 2786 Iure

166 2837 273 2889 autem
295 2824 476 2890 communi²
498 2827 705 2891 constitutum
727 2837 784 2910 est,
799 2836 837 2892 ut
857 2826 981 2909 domus,
996 2848 1079 2913 quae
1098 2825 1222 2890 sodales
1236 2824 1400 2912 religiosos

165 2951 221 2993 sex
244 2929 415 2994 minimum
440 2953 504 2995 non
528 2931 663 3017 capiant,
685 2930 721 2995 in
746 2939 899 3018 potestate
918 2930 1153 3016 <Episcop0rum
1178 2951 1245 2994 esse
1269 2929 1400 2995 omnino

165 3032 310 3099 debeant
356 3032 495 3120 Insuper
510 3034 577 3120 ipse
592 3034 838 3100 Constitutionis
857 3035 980 3099 Auctor
993 3033 1083 3099 visus
1100 3042 1149 3098 est
1165 3055 1282 3120 ponere
1297 3033 1400 3120 privi-

167 3135 243 3222 legii
271 3160 398 3202 causam
420 3136 456 3202 in
486 3137 637 3224 “publici
658 3138 824 3225 regiminis
849 3137 973 3225 legibus
999 3185 1008 3204 .
1036 3186 1043 3203 .
1074 3136 1223 3224 ‚quibus
1251 3136 1401 3202 coenobia

166 3263 383 3328 quaecumque
403 3242 613 3328 prohibentur
622 3241 662 3324 ”3
687 3241 769 3306 hanc
789 3264 866 3307 vero
887 3264 1013 3306 causam
1030 3250 1228 3327 compertum
1242 3249 1290 3305 est
1304 3240 1401 3306 fuisse

165 3343 335 3428 sublatam,
350 3368 451 3432 quum
466 3346 573 3432 plures
587 3346 652 3410 iam
666 3368 767 3415 annos
777 3368 834 3432 per
845 3344 929 3431 leges
939 3344 1029 3408 illius
1039 3344 1128 3430 regni
1140 3343 1233 3409 liceat
1243 3343 1401 3431 religiosis

165 3448 329 3513 sodalibus
343 3449 378 3513 iu
393 3449 527 3536 collegia
540 3451 633 3516 coire.

210 3551 434 3618 Nihilominus
455 3552 532 3618 haec
552 3554 635 3619 tanti
657 3577 722 3619 non
744 3563 829 3638 sunt,
844 3563 882 3619 ut
902 3576 1011 3640 reapse
1028 3552 1237 3640 privilegium
1251 3552 1401 3618 defecisse

167 3655 351 3722 iudicemus.
388 3656 422 3722 N
423 3680 475 3722 am
488 3658 639 3745 quamvis
652 3658 846 3723 hierarchiae
859 3657 1048 3722 instauratio
1059 3656 1164 3739 faciat,
1177 3665 1214 3721 ut
1229 3678 1278 3721 res
1293 3656 1400 3721 catho-

167 3760 228 3826 lica
248 3760 336 3847 apud
357 3761 483 3848 Anglos
504 3760 546 3826 ad
567 3784 768 3827 communem
790 3760 950 3826 Ecclesiae
969 3760 1173 3846 disciplinam
1192 3761 1399 3847 potentialiter

166 3874 313 3930 revocata
340 3864 558 3952 intelligatur;
590 3865 697 3930 adhuc
724 3874 831 3930 tamen
859 3887 910 3930 res
938 3863 985 3929 ibi
1013 3873 1169 3951 geruntur
1196 3863 1307 3928 eodem
1335 3863 1400 3928 fere
1486 3856 1491 3865 Χ

167 3967 261 4033 modo
282 3978 378 4056 atque
399 3967 434 4033 in
455 3969 659 4034 missionibus
671 3969 739 4056 geri
754 3967 865 4034 solent
911 3967 1060 4033 Iamvero
1074 3988 1199 4031 sacrum
1220 3966 1399 4032 Consilium

166 4070 351 4137 Christiano
387 4071 511 4137 nomini
543 4072 749 4159 propagando
781 4072 903 4158 pluries
935 4070 1119 4152 declaravit,
1149 4070 1399 4155 Constitutioucs

165 4173 343 4240 Clementis
362 4174 476 4243 VIII.
504 4175 668 4260 Quarticm,
693 4194 736 4240 1x
765 4174 832 4241 kal.
863 4174 943 4240 Iulii
973 4192 1100 4256 mecm,
1131 4173 1280 4260 Gregorii
1311 4173 1398 4240 XV.

172 4276 248 4342 cem
268 4279 359 4361 alica,
375 4297 443 4343 xm
466 4278 571 4344 kalen.
594 4278 753 4366 Septemb.
769 4297 941 4361 nncmr,
960 4277 1088 4344 Urbani
1105 4275 1219 4344 VIII.
1237 4276 1400 4341 Ronmcm

201 4445 318 4501 ¹Ccncil.
330 4448 418 4501 Vatia.
431 4448 540 4502 Constit
553 4449 645 4501 Pastor
654 4458 764 4501 camus
774 4466 831 4515 cap.
842 4450 867 4501 3.

199 4527 354 4583 'Innocent
365 4530 393 4582 X
410 4531 519 4583 Constit.
531 4531 719 4598 Immaraadae,
730 4531 776 4583 die
788 4533 820 4583 15
830 4531 921 4584 Octob.
935 4533 1008 4585 1652.
1042 4530 1152 4583 Constit.
1171 4530 1203 4582 Ut
1214 4531 1242 4580 in
1250 4532 1342 4599 paruis,
1355 4530 1399 4581 die

167 4612 201 4664 10
211 4613 234 4664 F
235 4613 337 4667 ebruar.
349 4615 423 4668 1⁰54.
