3142 5242
446 486 501 532 1>ss
530 487 906 535 PRABDICATIONIS
934 488 1130 536 MUNERE.
1341 474 1402 538 117

167 639 273 716 tione
303 641 441 717 Sacrae
475 641 708 742 scripturae,
734 642 964 742 theologiae,
990 642 1176 719 historiae
1211 644 1401 719 ecclesias-

166 755 265 832 ticae
290 763 330 833 et
354 756 421 856 pia
445 783 577 834 rerum
603 767 850 835 aeternarum
876 759 1142 836 meditatione.

217 873 347 949 Tertio
383 876 496 951 bracis
527 875 581 950 sit
621 875 745 951 oratio
787 877 1021 976 evangelica.
1090 877 1129 951 N
1130 902 1180 952 on
1214 902 1312 976 opus
1346 884 1405 952 est

167 987 285 1088 longa
326 990 508 1069 concione
554 991 754 1091 speciatim
802 992 905 1068 inter
946 993 1155 1069 missarum
1203 994 1403 1069 solemnia.

168 1106 339 1206 “Neque
366 1111 580 1185 verendum
610 1117 671 1184 est
698 1135 748 1185 ne
777 1109 948 1208 cuipiam
978 1110 1109 1185 minus
1138 1110 1291 1209 placeat
1318 1110 1403 1185 bre·

166 1221 281 1315 vitaS,
307 1249 425 1323 quam
450 1249 581 1300 rerum
607 1225 860 1301 dicendarum
887 1225 1061 1324 gravitas
1087 1234 1127 1301 et
1150 1234 1264 1325 grata
1288 1250 1403 1324 quac·

166 1340 259 1414 dam
290 1340 476 1416 orationis
502 1340 673 1418 varietas
702 1342 943 1417 comitetur.”
1000 1342 1117 1441 (Ibid.
1149 1341 1187 1416 N
1190 1366 1222 1418 o.
1248 1343 1353 1441 144.)

218 1455 420 1532 Postremo
455 1461 602 1534 assiduo
634 1458 688 1533 sit
719 1457 830 1533 verbi
865 1457 940 1533 Dei
981 1456 1230 1558 praedicatio
1298 1457 1405 1534 Hinc

166 1570 386 1648 Tridentini
412 1573 550 1650 Patres
573 1574 779 1674 jusserunt
804 1581 850 1650 ut
873 1583 1042 1650 rectores
1070 1573 1293 1650 animarum
1323 1600 1403 1650 non

165 1688 294 1763 solum
311 1689 516 1766 dominicis
533 1699 574 1766 et
588 1690 698 1766 festis
714 1690 852 1767 diebus
869 1692 1120 1785 solemnibus,
1130 1716 1267 1766 verum
1285 1691 1403 1767 etiam

165 1811 342 1904 tempore
353 1806 594 1905 jejuniorum
608 1807 939 1906 Quadragesimae
955 1814 995 1883 et
1007 1808 1213 1883 Adventus
1231 1807 1403 1899 Domini,

166 1921 350 2021 quotidie,
373 1923 438 1997 vel
463 1924 603 1999 saltem
627 1923 754 1999 tribus
778 1923 820 1999 in
846 1924 1091 1999 hebdomada
1114 1923 1263 2016 diebus,
1290 1923 1324 1998 si
1349 1923 1405 1998 ita

166 2045 346 2136 oportere
368 2039 524 2115 duxerit
545 2039 774 2140 Episcopus,
798 2041 936 2115 Sacros
958 2039 1190 2138 Scripturas,
1211 2039 1403 2116 divinam·

165 2178 242 2253 que
267 2155 393 2254 legem
419 2156 663 2232 annuntient.
719 2157 835 2256 (Sess.
853 2158 1053 2250 XX1V.,de
1079 2155 1166 2232 Ros.
1184 2181 1215 2232 c.
1232 2157 1287 2254 4.)

216 2270 370 2366 Fertur,
406 2272 511 2370 quod
552 2272 722 2347 maximo
756 2298 846 2348 oum
880 2272 1014 2348 dolore
1053 2271 1289 2367 audivimus,
1325 2297 1403 2348 non

165 2387 299 2487 paucis
328 2387 370 2463 in
401 2388 494 2462 locis
524 2388 730 2488 plerosque
762 2389 897 2464 fideles
925 2389 1008 2464 fere
1036 2414 1239 2486 nunquam
1269 2389 1405 2464 audire

164 2505 329 2579 verbum
356 2503 452 2597 Dei;
479 2503 670 2603 siquidem
698 2505 925 2581 necessitate
949 2504 1083 2599 coacti,
1101 2511 1171 2581 aut
1189 2505 1403 2598 voluntate,

165 2619 297 2695 missis
320 2619 486 2720 privatis
510 2619 699 2696 assistunt
720 2620 927 2697 dominicis
950 2621 1098 2714 diebus,
1117 2620 1221 2696 inter
1237 2646 1403 2720 quarum

164 2736 464 2812 celebrationem
490 2762 540 2812 ne
563 2761 642 2812 una
664 2737 824 2836 quidem
840 2737 935 2830 vice,
953 2744 1035 2812 toto
1059 2737 1173 2829 anno,
1191 2746 1405 2836 pascuntur

165 2851 402 2928 salutaribus
427 2853 569 2929 verbis.
622 2854 760 2953 Itaque
784 2854 929 2930 mirum
960 2878 1038 2929 non
1064 2860 1134 2947 cst,
1160 2853 1195 2927 si
1220 2853 1403 2928 veritates

165 2969 382 3045 diminutae
408 2976 501 3046 sunt
526 2996 549 3045 a
574 2970 666 3045 filiis
695 2969 900 3046 hominum
931 2970 1011 3068 (Ps.
1038 2991 1111 3064 xa,
1138 2974 1202 3065 1.)‚
1228 2968 1262 3044 si
1288 2969 1403 3044 multi

165 3092 359 3184 parentes
393 3111 529 3161 eorum
572 3085 656 3179 filii,
689 3085 829 3162 famuli
870 3085 1016 3185 aliique
1053 3084 1218 3185 plurimi
1261 3085 1403 3160 nostris

165 3201 303 3277 diebus
332 3201 595 3301 periculorum
629 3203 768 3302 plenis,
798 3228 847 3279 ex
875 3202 1098 3302 ignorantia
1127 3200 1403 3300 mysteriorum

165 3317 257 3394 fidei
282 3318 520 3417 objiciuntur
543 3318 761 3394 discrimini
786 3326 967 3394 aeternae
991 3317 1234 3418 perditionis.

216 3434 446 3509 Efficacibus
474 3434 657 3509 remediis
686 3441 798 3510 tanto
829 3434 932 3509 malo
963 3458 1163 3509 occurrere
1192 3433 1402 3532 cupientcS,

165 3551 439 3651 praecipimus,
470 3557 515 3627 ut
542 3551 680 3627 dicbus
711 3550 915 3627 dominicis
945 3558 986 3625 et
1013 3549 1122 3625 festis
1152 3548 1402 3643 solemnibus,

166 3667 287 3744 etiarn
317 3667 463 3743 aestivo
497 3675 684 3766 tempore,
715 3692 850 3742 omncs
879 3665 948 3766 qui
977 3691 1112 3742 curam
1141 3665 1288 3742 habent
1321 3666 1402 3741 ani-

119 3809 126 3821 ·
166 3809 334 3877 marum,
364 3808 436 3883 per
469 3809 511 3859 se
544 3790 622 3878 aut,
653 3784 689 3858 si
723 3783 897 3883 legitime
930 3781 1111 3881 impediti
1145 3781 1303 3876 fuerint,
1334 3807 1405 3882 per

167 3899 266 3976 alios
290 3900 451 3976 idoneos
475 3899 579 3976 inter
600 3899 899 3976 celebrationem
925 3898 1101 3974 omnium
1127 3898 1288 3973 omnino
1311 3898 1403 3973 mis·
1448 3964 1453 3972 .

167 4043 301 4094 sarum
334 4018 476 4117 quibus
510 4019 669 4093 adstant
708 4016 854 4109 fideles,
889 4015 972 4091 sive
1014 4015 1107 4091 illae
1149 4015 1292 4091 missae
1325 4015 1406 4090 sint

167 4142 357 4229 cantatae,
380 4133 463 4210 sive
487 4132 676 4232 privatae,
700 4132 764 4207 vel
787 4132 906 4208 etiam
930 4132 1045 4208 valde
1071 4157 1187 4207 mane
1212 4132 1403 4206 celebren-

167 4257 244 4344 tur,
275 4250 536 4350 Evangclium
565 4249 643 4325 diei
678 4248 891 4324 occurentis
924 4247 1061 4348 lingua
1089 4247 1298 4323 vernacula
1327 4247 1404 4322 dis·

167 4366 289 4442 tincte
313 4365 457 4466 legant,
474 4375 592 4466 atque
616 4365 650 4441 si
673 4372 829 4462 tempus
845 4364 1030 4464 patiatur,
1048 4389 1119 4464 per
1136 4361 1405 4439 duodecimam

167 4482 288 4558 horae
312 4491 477 4582 partem,
500 4482 691 4581 populum
716 4480 759 4556 in
784 4480 871 4579 lege
897 4479 1057 4555 Domini
1082 4479 1274 4572 erudiant,
1296 4476 1405 4554 omni

167 4597 446 4674 consuetudine
469 4606 538 4672 aut
562 4605 764 4697 praetextu
787 4597 826 4670 in
853 4595 1090 4672 contrarium
1114 4621 1192 4671 non
1216 4595 1404 4670 obstante.
