3142 5242
421 475 565 522 coner.
594 459 823 522 “nouenos
853 455 1147 523 PONTIFICES.''
1336 456 1400 519 225

165 631 194 694 si
215 631 323 696 schola
345 632 379 695 in
401 631 573 715 ecclesiam,
587 632 775 697 coenobium
797 633 831 696 in
853 632 1034 720 collegium,
1055 633 1089 696 in
1111 631 1244 697 domum
1265 628 1400 717 pupillis

165 735 363 821 aegrotisque
384 734 583 821 recipiendis,
597 735 651 801 vel
671 736 812 801 vicissim
834 745 1033 819 mutaretnr3
1062 745 1119 801 aut
1138 734 1279 817 demum,
1294 734 1401 821 priore

164 861 226 903 usu
241 848 373 922 retent0,
385 863 502 904 novam
515 862 642 905 musam
657 840 725 906 sive
739 863 834 905 usum
848 839 1005 907 inducere.
1050 839 1123 905 Iam
1138 862 1215 906 vero
1228 838 1400 927 quominus
1474 901 1486 924 ,

163 941 230 1007 dno
244 942 303 1007 illa
316 943 430 1029 prima,
446 945 574 1030 privata
589 944 730 1029 ipsorum
745 945 940 1028 auctoritate,
955 944 1095 1031 religiosi
1116 942 1239 1009 sodales
1253 940 1398 1024 efficiant,

164 1045 269 1111 obstat
298 1046 458 1111 decretum
487 1047 646 1121 Bonifacii
669 1047 781 1116 VIII.
804 1048 861 1135 qui
890 1071 943 1114 eos
966 1049 1069 1114 vetuit
1094 1047 1165 1112 “ad
1190 1045 1399 1111 habitandum

164 1149 277 1215 domos
291 1152 344 1216 vel
367 1150 435 1216 lom
457 1174 673 1239 quaecumque
694 1152 734 1217 de
755 1175 841 1218 novo
862 1153 1009 1239 recipere,
1027 1175 1082 1217 seu
1105 1152 1256 1217 hactenus
1276 1160 1401 1235 recepta

164 1253 320 1319 mutare.''
331 1253 341 1289 ¹
386 1255 510 1320 Rursus
530 1256 586 1342 qui
609 1256 675 1320 fieri
699 1264 802 1342 potest
821 1279 861 1321 ex
883 1256 1008 1321 duobus
1028 1256 1096 1321 illis
1116 1255 1317 1336 alterutrum,
1336 1252 1399 1318 nisi

163 1381 214 1423 res
239 1358 358 1430 recidat
381 1360 415 1423 in
442 1360 664 1425 fundationem
689 1383 807 1426 novam
833 1360 1143 1442 “Monasteriorum,
1170 1358 1399 1444 Collcgiornm,

164 1462 344 1544 domorum,
356 1473 571 1530 conventuum
586 1473 618 1528 et
631 1464 769 1529 aliorum
781 1464 993 1550 Regularium
1009 1462 1151 1528 locorum
1165 1458 1399 1527 huiusmodi?”
1514 1486 1517 1491 ’

164 1567 269 1653 Atqui
285 1566 319 1631 id
334 1568 441 1653 perfici
456 1566 622 1654 prohibuit
636 1568 791 1634 Urbanus
801 1567 912 1636 VIII.
925 1590 983 1654 per
997 1567 1267 1633 Constitutionem
1282 1565 1401 1630 Rom-

163 1693 224 1734 ans
239 1671 392 1756 Potuisse,
408 1672 469 1736 nisi
493 1674 649 1736 “servata
667 1672 701 1736 in
722 1671 870 1736 omnibus
889 1681 921 1736 et
939 1694 995 1759 per
1010 1670 1118 1736 omnia
1131 1693 1292 1737 sacrorum
1307 1691 1401 1735 cuno-

165 1798 244 1839 num
273 1785 305 1841 et
334 1776 471 1842 Concilii
498 1775 681 1840 Tridentini
711 1774 847 1840 forma.”
899 1775 1079 1841 Sic·unnm
1105 1784 1247 1860 superest
1271 1772 1312 1838 de
1336 1796 1401 1860 quo

163 1879 374 1944 contendatur
386 1907 395 1961 ;
424 1903 503 1944 num
528 1880 635 1967 priore
660 1903 720 1944 usu
746 1889 878 1963 retento,
901 1903 986 1945 nova
1011 1902 1104 1945 cansa
1125 1878 1178 1945 vel
1204 1901 1282 1943 usus
1306 1876 1401 1943 adiici

164 1983 279 2049 valeat.
325 1984 417 2048 Tunc
439 1993 545 2048 antem
567 1984 706 2071 pressius
725 2007 792 2048 rem
813 2007 924 2071 urgere
944 1993 1068 2071 oportet
1089 1993 1121 2048 et
1141 1994 1283 2049 accurate
1302 1980 1402 2068 dispi-

164 2111 242 2170 cere,
258 2097 368 2152 utrum
382 2111 417 2153 ea
433 2087 576 2153 inductio
589 2088 721 2153 alterius
735 2111 812 2153 usus
826 2088 866 2153 ad
887 2089 1068 2153 interiorem
1083 2086 1401 2169 administrationem,

163 2191 431 2280 disciplinamque
446 2192 648 2258 domesticam
664 2201 790 2279 spectet,
807 2191 896 2259 velut
916 2192 943 2257 si
963 2191 1147 2257 tiroeinium
1160 2199 1218 2256 aut
1231 2190 1402 2276 collegium

164 2296 345 2361 studiorum
368 2320 460 2362 causa
482 2296 661 2362 iunioribus
682 2296 844 2362 sodalibus
870 2296 904 2360 in
930 2296 1080 2361 coenobio
1102 2295 1330 2376 constituatur3
1359 2317 1401 2360 an

165 2401 242 2465 fines
259 2401 417 2465 interioris
431 2400 716 2466 administrationis
735 2401 777 2466 sit
796 2423 969 2483 exoessura,
985 2410 1064 2487 puta
1082 2399 1109 2464 si
1128 2399 1210 2464 inibi
1224 2397 1333 2463 schola
1347 2400 1403 2463 liat

164 2515 222 2570 aut
236 2505 408 2591 collegium
422 2503 510 2591 qnod
524 2514 630 2591 pateat
651 2505 747 2570 etiam
762 2504 885 2570 alienis.
931 2504 1032 2569 Plane
1046 2504 1074 2569 si
1089 2503 1191 2568 dictos
1204 2502 1284 2566 fincs
1298 2525 1402 2567 exces-

165 2609 250 2691 serit,
273 2631 323 2673 res
349 2609 432 2673 redit
457 2607 497 2674 ad
527 2608 713 2674 alterutram
739 2609 881 2692 illarum,
903 2631 984 2696 quae
1005 2631 1025 2674 a
1047 2607 1215 2673 Bonifacio
1235 2605 1349 2674 VIII.
1370 2615 1403 2672 et

165 2713 301 2780 Urbano
326 2711 439 2780 VIII.
463 2713 531 2777 fieri
561 2736 620 2799 pro
649 2712 763 2796 lubito,
788 2735 846 2777 ceu
874 2713 1028 2795 diximus,
1058 2711 1279 2799 prohibentur.
1343 2710 1401 2776 Sin

164 2827 271 2881 autem
294 2817 379 2881 intra
400 2816 519 2881 limites
538 2816 727 2881 domesticae
749 2816 937 2903 disciplinae
956 2818 1094 2882 mutatio
1114 2817 1324 2899 contineatur,
1344 2837 1403 2880 sno

165 2930 246 2984 certe
269 2921 337 2985 iure
357 2919 533 3007 Regulare's
554 2929 704 3003 utentur;
730 2920 792 2986 nisi
812 2902 894 2985 forte
914 2920 998 3007 leges
1018 2918 1221 2985 fundationis=
1237 2920 1401 2985 olnistant.

166 3024 221 3089 Ex
250 3024 367 3112 quibus
396 3024 586 3111 singillatim
615 3025 778 3111 perpensis
807 3025 976 3090 manifesto
1005 3024 1190 3110 colligitur:
1230 3022 1402 3110 Religiosis

165 3126 328 3193 sorlalibns
346 3151 412 3192 non
434 3127 526 3192 licere
547 3151 584 3193 ea
605 3151 686 3214 quae
707 3128 855 3193 instituta
875 3138 960 3211 sunt,
976 3126 1011 3191 in
1032 3128 1114 3192 alios
1128 3149 1205 3192 usus
1219 3135 1402 3192 convertere

164 3230 284 3318 absque
312 3252 461 3317 expressa
489 3230 617 3296 licentia
646 3229 738 3295 Sedis
762 3231 966 3317 Apostolicae
990 3240 1023 3296 et
1048 3229 1214 3295 Ordinarii
1244 3229 1316 3312 loci,
1339 3229 1401 3294 nisi

165 3344 278 3422 agatur
306 3335 346 3400 de
375 3333 590 3419 conversione,
615 3358 707 3422 quae,
732 3335 832 3400 salvis
859 3334 1057 3400 fundationis
1087 3334 1220 3421 legibus,
1246 3334 1402 3399 referatur

165 3437 333 3503 dumtaxat
346 3438 389 3504 ad
404 3439 565 3503 internum
579 3439 720 3526 regimen
735 3447 768 3503 ct
780 3438 984 3524 disciplinam
998 3437 1186 3525 regularem.

208 3541 243 3608 N
246 3565 307 3607 unc
319 3542 361 3607 ad
383 3540 467 3606 illud
489 3543 712 3629 progredimur
726 3541 957 3607 controversiae
974 3552 1079 3627 caput,
1095 3542 1128 3605 in
1144 3565 1210 3628 quo
1223 3541 1264 3607 de
1277 3550 1401 3628 tempo-

165 3645 287 3710 ralibus
301 3646 490 3711 missionum
505 3645 597 3710 bonis
611 3645 810 3731 disputatum
831 3655 887 3711 est.
934 3645 989 3709 Ex
1003 3645 1192 3710 liberalitate
1206 3645 1350 3710 fidelium
1365 3669 1401 3710 ea

165 3759 256 3836 parta
278 3750 362 3815 bona
382 3759 467 3833 sunt,
483 3749 540 3838 qni
561 3773 634 3813 cum
656 3772 715 3814 sua
734 3758 846 3836 sponte
867 3758 899 3814 et
917 3749 1084 3815 voluntate
1105 3747 1189 3814 dona
1211 3748 1399 3835 largiantur,

166 3853 218 3917 vel
240 3853 361 3919 intuitu
377 3854 537 3918 missionis
552 3853 587 3918 id
609 3853 741 3937 faciunt,
756 3853 809 3919 vel
824 3852 892 3918 eius
906 3854 962 3939 qni
985 3853 1128 3917 missioni
1150 3861 1282 3939 praeest.
1327 3851 1400 3917 Iam

165 3958 194 4022 si
215 3957 375 4022 missionis
397 3958 517 4023 intuitu
532 3949 662 4022 donatio
681 3957 859 4043 contigerit,
874 3956 996 4043 ambigi
1017 3956 1106 4039 solet,
1121 3980 1162 4021 an
1177 3957 1241 4022 viri
1259 3955 1399 4044 religiosi

165 4061 283 4147 quibus
307 4061 429 4126 donum
459 4061 502 4127 sit
529 4060 694 4143 traditum,
719 4060 838 4147 accepti
867 4070 899 4125 et
926 4061 1055 4147 expensi
1086 4061 1240 4132 rationem
1270 4059 1401 4125 reddere

166 4164 327 4252 Episcopo
355 4174 531 4231 teneantur.
582 4166 691 4251 Atque
719 4164 806 4229 istud
835 4164 966 4252 quidem
995 4165 1064 4230 fieri
1093 4155 1245 4250 oportere,
1275 4187 1399 4229 sacrum

167 4268 348 4333 Consilium
369 4268 543 4334 christiano
564 4269 688 4334 nomini
710 4268 915 4355 propagando
937 4267 1153 4354 supcrdubio
1174 4268 1337 4354 proposito
1359 4267 1400 4331 ob

167 4372 330 4437 missiones
352 4373 554 4438 Britannicas
574 4372 731 4459 religiosis
745 4371 923 4436 Ordinibus
945 4372 1014 4436 sive
1033 4371 1198 4437 Institutis
1219 4372 1401 4436 commissas

166 4474 218 4540 die
236 4494 307 4540 xlx
322 4477 448 4562 Aprilis
468 4495 687 4558 Mucccnxlx,
701 4475 861 4561 rescripsit
882 4476 916 4539 in
938 4475 1014 4540 haec
1036 4476 1152 4541 verba:
1175 4477 1246 4538 “1⁰
1270 4474 1401 4539 ll‘lissio-
1442 4536 1445 4542 .

201 4629 280 4696 ¹Cap.
295 4628 357 4682 Oum
367 4647 394 4681 a
405 4647 431 4682 co
442 4629 475 4681 dc
486 4646 581 4695 excess,
593 4629 704 4697 praelat
715 4628 744 4680 in
757 4632 781 4682 6.
