3142 5242
167 430 232 495 204
661 444 905 493 xeenxnrx.

165 602 280 690 incipit
299 603 377 669 Οὶιπι
397 603 485 687 illud,
510 606 551 668 14
574 602 761 668 Decembris
784 603 880 684 1742,
901 600 1060 688 praefatas
1081 600 1209 667 litteras
1230 600 1328 688 (quae
1346 621 1397 687 pc

165 707 326 795 integrum
343 706 461 772 ibidem
476 706 672 793 referuntur)
687 706 887 788 confirmans,
903 704 1060 770 nonnulla
1079 714 1244 792 praeterea
1256 703 1397 769 addenda

164 811 218 877 vel
234 810 443 893 immutanda,
456 809 613 875 nonnulla
627 810 768 876 breviter
781 810 817 874 in
830 808 944 875 iisdem
954 807 1073 874 tradita
1081 807 1203 873 ebrius
1212 806 1397 894 explicanda

164 916 296 981 censuit.

210 1018 310 1084 quta
331 1018 561 1106 praescriptum
583 1017 721 1084 Concilii
742 1017 925 1083 Tridentini
939 1040 977 1082 ac
990 1016 1218 1083 Benedictinae
1238 1016 1397 1083 Constitu·

165 1123 272 1206 tionis,
288 1146 421 1188 examen
435 1146 493 1210 per
509 1145 699 1188 concursum
712 1132 780 1187 tam
793 1143 889 1208 super
901 1120 1054 1203 doctrina,
1068 1143 1167 1209 quam
1181 1142 1282 1207 super
1294 1120 1397 1186 ceteris

164 1228 421 1292 concurrentium
449 1226 611 1314 requisitis
639 1225 859 1314 qualitatibus,
888 1224 1070 1291 habendum
1099 1233 1148 1290 est
1175 1248 1254 1290 cum
1278 1224 1397 1291 vacatio

166 1329 326 1396 Ecclesiae
354 1330 539 1417 paroscialis
567 1328 746 1417 contigerit.
799 1328 904 1415 Viget
932 1328 1144 1393 nihilominus
1173 1328 1211 1393 in
1238 1327 1397 1416 aliquibus

164 1430 359 1499 dioecesibus
381 1433 576 1499 consuetudo
596 1456 730 1499 examen
743 1432 785 1498 de
797 1432 944 1498 doctrina
964 1431 1130 1518 separandi
1144 1433 1186 1497 ab
1199 1433 1350 1497 examine
1360 1429 1397 1496 de

165 1537 296 1624 reliquis
318 1538 477 1602 canonicis
498 1537 669 1623 requisitis,
691 1546 724 1602 et
744 1536 805 1601 hoc
825 1534 867 1601 ad
889 1536 996 1622 ipsum
1016 1558 1077 1622 pro
1097 1545 1234 1602 vacante
1259 1535 1397 1622 paroecia
1437 1596 1440 1601 .

164 1663 351 1705 concursum
374 1641 506 1705 remisso
520 1663 654 1706 examen
668 1639 853 1706 descientia
865 1638 932 1704 alio
946 1639 1048 1726 magis
1061 1649 1247 1725 opportrmo
1261 1649 1397 1726 tempora

164 1744 362 1810 instituendi.

208 1848 426 1928 Quamobrem
448 1849 624 1937 generatim
638 1848 688 1914 bis
702 1849 738 1913 in
751 1872 836 1915 anno
850 1871 982 1914 examen
1005 1848 1140 1913 habetur
1154 1846 1350 1925 descientia
1364 1847 1396 1912 in

163 1974 229 2037 quo
242 1951 300 2038 qui
310 1952 478 2038 approbati
490 1952 618 2035 suerint,
629 1951 671 2017 ad
685 1951 909 2038 quodcumque
919 1950 1099 2038 parochiale
1108 1951 1302 2016 beneficium
1317 1952 1397 2015 intra

164 2078 220 2120 sex
235 2057 402 2142 proximos
415 2065 580 2142 sequentes
592 2078 695 2121 annos
708 2066 892 2121 vacaturam
913 2054 1121 2120 concurrendi
1135 2053 1188 2119 ius
1202 2053 1332 2138 habent,
1345 2051 1396 2119 sed

163 2168 299 2224 exeunte
323 2160 484 2241 sexennio,
506 2159 648 2224 examini
673 2181 708 2225 se
730 2157 835 2224 denuo
860 2160 970 2224 sistere
991 2168 1140 2224 tenentur
1160 2157 1191 2222 si
1212 2158 1396 2223 beneficium

163 2262 344 2349 parochiale
357 2262 500 2328 obtinere
513 2262 626 2329 velint.
671 2263 703 2326 A
716 2262 785 2350 lege
794 2272 901 2328 autem
912 2260 1070 2327 subeundi
1079 2261 1141 2328 hoc
1151 2284 1278 2328 novum
1291 2270 1397 2327 exacto

163 2366 314 2431 sexennio
335 2389 467 2431 examen
489 2366 532 2431 ab
553 2365 725 2453 Episcopo,
744 2366 855 2431 audita
874 2366 1130 2431 examinatorum
1149 2367 1320 2449 sententia,
1335 2364 1396 2431 dis-

163 2470 287 2556 pensari
309 2480 443 2556 possunt
463 2470 521 2556 qui
544 2470 627 2535 inter
648 2469 816 2556 synodales
837 2469 890 2537 vel
912 2469 1154 2556 pro-synodales
1168 2471 1397 2535 examinatores

163 2582 239 2638 sunt
260 2574 426 2660 assurnpti,
441 2583 497 2638 aut
518 2574 574 2660 qui
599 2584 727 2660 propter
749 2574 890 2638 muneris
911 2573 965 2640 vel
987 2572 1131 2638 beneficii
1153 2595 1220 2660 quo
1246 2573 1396 2639 fruuntur

163 2677 363 2763 dignitatern,
380 2675 431 2741 vel
453 2686 584 2763 propter
603 2676 791 2742 diuturnam
813 2700 941 2762 operam
962 2700 1027 2764 qua
1043 2675 1202 2741 Ecclesiae
1215 2700 1293 2742 cum
1307 2673 1396 2742 laude

163 2781 351 2862 servierunt,
367 2781 514 2846 scientiae
528 2781 746 2845 testimonium
763 2780 890 2846 abunde
906 2791 1076 2867 praestant.
1121 2780 1276 2846 Ceterum
1291 2803 1394 2867 paroe-

163 2885 211 2948 cia
236 2883 344 2971 aliqua
366 2894 507 2967 vacante,
530 2907 699 2949 concursus
725 2884 869 2967 habetur,
890 2882 1172 2967 examinatoribus,
1194 2884 1342 2949 adhibita
1361 2906 1394 2948 ea

163 3010 243 3073 quae
264 2987 299 3051 in
322 3009 382 3051 usu
404 2998 451 3052 est
471 2989 626 3068 cautione,
643 2987 857 3052 iudicantibus
872 2989 1005 3074 quinam
1022 3011 1063 3051 ex
1078 2988 1342 3073 competitoribus
1355 2986 1393 3052 ad

164 3090 334 3176 regendam
356 3092 533 3176 paroeciam
549 3103 713 3155 vamntcm
727 3091 794 3176 apti
809 3092 884 3173 sint,
899 3090 990 3156 salvo
1007 3113 1132 3176 semper
1153 3090 1317 3178 Episcopo
1330 3091 1393 3155 iure

163 3192 301 3278 eligendi
324 3194 407 3258 inter
429 3194 630 3279 approbatos,
651 3216 747 3279 quem
770 3194 836 3279 ipse
857 3193 1036 3280 digniorem
1065 3195 1286 3281 aptioremque
1314 3193 1392 3258 iudi·

163 3297 292 3362 caverit.
337 3296 428 3361 Haec
451 3320 546 3382 porro
570 3298 680 3382 praxis
702 3297 744 3361 ab
767 3298 953 3383 Apostolica
974 3297 1055 3363 Sede
1076 3297 1249 3384 approbari
1262 3295 1392 3364 soletad

163 3408 331 3568 tenllalhm
346 3505 380 3568 in
396 3505 542 3570 Aedibus
556 3504 590 3570 S.
606 3505 643 3570 C.
659 3504 700 3569 de
714 3505 813 3592 Prop.
829 3505 921 3589 Fide,
939 3508 981 3572 10
995 3506 1144 3572 Octobris
1160 3509 1257 3573 1884.

267 3775 506 3850 lusnaucrro
531 3776 568 3850 S.
596 3775 954 3852 Ooxonnonrrours
975 3800 1028 3852 nn
1055 3778 1306 3853 Paor.F1nn

497 3912 549 3963 nn
575 3891 728 3966 Tmunc
755 3894 1065 3968 unanimous.

614 4073 688 4159 [Aa
703 4099 740 4161 p.
757 4079 809 4157 31,
824 4099 856 4140 s.
874 4077 944 4162 cu]

207 4245 240 4313 1.
267 4241 353 4310 Cum
375 4243 559 4309 indecorum
582 4245 713 4309 omnino
732 4246 784 4326 sit,
799 4255 895 4331 atque
913 4270 933 4311 a
954 4245 1161 4330 Clerioorum,
1179 4249 1288 4334 quiin
1302 4247 1390 4313 sacris

162 4346 341 4412 Ordinibus
373 4349 621 4431 constituuntur,
651 4348 808 4434 dignitate
840 4372 969 4435 prorsus
997 4349 1149 4433 alienum,
1181 4362 1219 4417 ut
1253 4352 1313 4438 ipsi
1341 4358 1391 4415 aut

162 4451 363 4515 emendicatis
391 4451 541 4515 subsidiis
570 4462 626 4517 aut
655 4475 695 4516 ex
724 4452 854 4518 sordido
882 4463 1015 4539 quaestu
1040 4477 1077 4519 ea
1102 4478 1185 4540 quae
1209 4456 1252 4520 ad
1276 4457 1390 4521 victum

162 4554 331 4617 necessaria
357 4563 442 4635 sunt,
464 4555 526 4617 sibi
552 4577 733 4641 comparare
758 4567 932 4642 cogantur,
969 4579 1062 4622 nemo
1087 4558 1226 4643 ignorat,
1248 4559 1291 4623 ab
1313 4556 1390 4622 anti·
