3142 5242
516 482 572 529 nn
600 485 784 533 rnnrnus
814 487 1066 533 scorastan.
1348 468 1404 529 151

173 635 317 709 fundus
339 633 390 709 iis
412 635 623 710 humandis
646 637 876 736 assignatus,
894 639 961 738 qui
983 639 1025 714 in
1050 639 1218 715 Domino
1242 635 1405 736 promis·

172 773 257 823 sam
282 749 605 828 resurrectionem
632 760 896 851 exspectantes
922 755 1179 853 requiescunt,
1206 753 1290 829 sive
1318 778 1403 852 pro-

171 864 318 963 prietas
343 865 504 964 quaevis
538 923 547 942 .
583 923 593 943 .
630 924 638 944 .
672 873 713 943 et
736 867 788 942 ad
813 866 887 943 Dei
912 868 1098 945 honorem
1123 870 1187 945 vel
1213 871 1264 944 ad
1290 894 1404 944 usum

170 979 263 1056 cleri
296 981 498 1076 educandi,
532 984 776 1059 sustentandi
813 985 1019 1083 alendique
1052 984 1268 1078 destinata;
1310 985 1404 1060 haec

170 1097 287 1196 plane
316 1098 450 1174 omnia
477 1124 540 1175 res
569 1124 699 1175 sacrae
728 1108 820 1177 sunt
849 1107 890 1176 et
919 1100 1112 1176 Ecclesiae
1140 1101 1332 1200 propriae,
1360 1110 1404 1176 ut

171 1212 245 1289 Dei
261 1214 421 1290 servitio
439 1215 615 1291 subtrahi
638 1215 723 1292 sine
745 1215 938 1315 sacrilegii
960 1215 1122 1292 crimine
1144 1216 1401 1316 nonpossint.

171 1329 256 1405 Has
278 1355 341 1406 res
365 1356 414 1406 ne
432 1334 637 1408 donatores
654 1332 812 1432 quidem
837 1332 912 1408 sibi
938 1339 984 1408 ut
1007 1330 1186 1432 proprias
1202 1331 1402 1409 vindicare

168 1447 369 1546 possunt.’'
425 1447 596 1546 (Literae
613 1449 861 1547 Pastorales.)

217 1564 305 1639 265.
332 1564 482 1640 Eadem
505 1571 564 1639 est
587 1565 762 1640 doctrina
778 1565 976 1642 Catholica
1000 1569 1048 1642 de
1070 1569 1261 1643 bonorum
1284 1566 1399 1642 eccle·

168 1679 412 1755 siasticorum
455 1680 802 1757 administratione.
871 1682 1000 1758 Aliter
1033 1708 1173 1782 nempe
1215 1682 1398 1758 adminis-

167 1797 309 1871 tranda
347 1822 425 1872 non
459 1802 552 1872 sunt
584 1822 701 1896 quam
738 1796 854 1895 juxta
887 1823 1085 1875 sacrorum
1127 1824 1319 1874 canonum
1361 1804 1400 1874 et

166 1912 488 1989 constitutionum
506 1912 797 1988 Pontificiarum
815 1939 1006 1991 normam.
1050 1914 1160 1990 Haec
1176 1914 1280 1990 enim
1297 1914 1399 1990 bona

167 2054 212 2103 ex
230 2031 307 2104 fine
324 2054 400 2128 quo
422 2028 620 2128 acquisita,
637 2029 702 2104 vel
719 2054 767 2105 ex
781 2025 997 2106 intentione
1014 2056 1090 2130 qua
1107 2056 1131 2106 a
1147 2029 1399 2106 donatoribus

166 2144 308 2220 collata
335 2153 438 2238 sunt,
466 2145 554 2221 usui
582 2144 777 2221 Ecclesiae
804 2145 916 2221 unice
943 2146 1200 2240 destinantur,
1227 2145 1311 2221 sive
1338 2144 1400 2220 hic

166 2260 292 2336 honor
317 2261 368 2336 sit
397 2287 441 2337 ac
468 2262 653 2360 splendor
679 2261 807 2336 cultus
833 2261 959 2338 divini
986 2269 1102 2360 atque
1128 2261 1398 2337 ministrorum
1456 2313 1459 2319 -

166 2400 364 2453 sacrorum
399 2377 639 2471 sustentatio,
671 2377 753 2453 sive
788 2377 1009 2453 Christiana
1036 2377 1256 2477 juventutis
1289 2377 1398 2453 insti·

165 2492 278 2586 tutio,
302 2493 507 2569 subventio
533 2494 809 2593 orphanorum,
835 2519 1052 2592 pauperum
1078 2500 1119 2570 et
1141 2493 1399 2589 infirmorum,

166 2609 249 2685 sive
283 2611 441 2685 demum
477 2609 735 2709 Evangelicae
768 2608 873 2685 inter
904 2634 1079 2709 paganos
1111 2608 1400 2709 haereticosque

165 2725 464 2826 praedicationis
502 2724 743 2825 propagatio.
813 2725 987 2801 Evidens
1019 2749 1111 2825 ergo
1145 2724 1246 2800 ratio
1279 2731 1399 2825 patet,

164 2866 235 2918 cur
263 2843 454 2918 bonorum
488 2841 647 2917 illorum
677 2841 963 2918 administratio
998 2841 1116 2942 plena
1145 2848 1185 2918 et
1213 2842 1264 2916 ab
1293 2839 1400 2917 omni

165 2957 292 3036 alieno
335 2957 559 3034 interventu
601 2983 734 3035 secura
777 2957 971 3034 Ecclesiae
1014 2957 1203 3034 vindicari
1250 2958 1399 3034 debeat.

166 3073 419 3150 Declaramus
441 3074 573 3174 itaque
596 3075 736 3150 falsam
759 3100 893 3151 eorum
917 3074 1149 3150 sententiam
1170 3073 1239 3173 qui
1262 3075 1401 3150 docent

164 3198 295 3266 coetus
322 3189 596 3266 ecclesiasticos
622 3215 691 3266 seu
717 3189 1043 3290 congregationes,
1069 3190 1210 3289 quibus
1237 3190 1288 3265 ab
1312 3214 1397 3265 auc·

164 3306 322 3383 toritate
346 3306 453 3382 civili
476 3307 544 3406 jus
569 3307 672 3383 bona
696 3305 929 3405 temporalia
954 3305 1189 3405 acquirendi,
1213 3305 1397 3381 adminis-

163 3423 297 3499 trandi
326 3430 366 3499 et
391 3422 587 3499 alienandi
614 3447 837 3498 concessum
864 3430 934 3515 est,
955 3422 1028 3497 hoc
1050 3421 1181 3520 ipsum
1202 3421 1270 3520 jus
1293 3446 1397 3496 exer·

164 3564 249 3614 cere
272 3566 386 3639 posse
407 3540 713 3638 independenter
736 3540 786 3616 ab
808 3538 1036 3615 auctoritate
1054 3537 1258 3630 Ecclesiae,
1277 3536 1398 3613 immo

164 3663 300 3732 contra
316 3657 490 3755 ejusdem
506 3681 671 3731 canones
687 3663 728 3732 et
744 3657 908 3732 decreta.
1458 3755 1461 3759 λ

214 3771 454 3848 Catholicam
474 3773 574 3847 hanc
600 3771 815 3848 doctrinam
841 3771 980 3847 Patres
1000 3770 1260 3848 conciliorum
1279 3771 1396 3846 Ame-

163 3887 267 3965 ricae
288 3888 559 3964 Pleuariorum
583 3887 729 3986 apertis
746 3887 875 3963 verbis
896 3894 936 3964 et
956 3887 1113 3963 invictis
1133 3911 1287 3986 semper
1309 3911 1397 3985 pro·

164 4003 392 4081 clamarunt.
472 4012 493 4048 “
511 4006 638 4096 Quam
680 4029 822 4105 parum
864 4002 1111 4103 magistratui
1157 4001 1265 4078 civili
1307 4002 1399 4077 licet

166 4120 360 4197 Ecclesiae
389 4120 650 4221 praescribere
678 4145 778 4220 quae
807 4120 944 4196 doceat
975 4125 1044 4195 aut
1073 4143 1149 4219 quo
1183 4118 1264 4194 ritu
1295 4118 1399 4194 colat

167 4237 306 4333 Deum,
336 4245 419 4313 tam
449 4262 589 4337 parum
619 4235 656 4313 ei
684 4243 830 4312 certam
859 4234 1051 4312 rationem
1085 4260 1245 4310 suarum
1278 4233 1396 4310 facul·

165 4361 292 4430 tatum
313 4354 574 4430 curandarum
596 4351 800 4453 injungere
824 4357 963 4452 potest,
981 4376 1081 4451 quae
1099 4357 1293 4450 repugnet
1313 4350 1398 4448 ejus

165 4468 356 4545 institutis
387 4476 429 4546 et
461 4469 510 4546 ab
542 4468 623 4545 illis
656 4467 780 4568 petita
811 4467 874 4561 sit,
908 4466 977 4566 qui
1010 4467 1094 4566 ejus
1128 4465 1397 4542 auctoritatem

165 4585 415 4684 rejecerunt.”
471 4586 599 4686 (Cone.
628 4585 737 4660 Plen.
756 4584 860 4659 Balt.
883 4582 951 4677 11,
970 4583 1124 4659 Literae
1147 4582 1394 4681 Pastorales.)
