3142 5242
479 478 533 525 na
562 478 700 525 cuano
728 478 1017 527 oroncnsano.
1319 461 1362 524 35

129 641 198 726 est,
216 634 446 734 priusquam
471 635 605 710 literas
623 633 901 710 dimissoriales
918 634 1067 734 proprii
1086 632 1270 732 Episcopi
1287 632 1363 709 rite

129 751 320 825 confectas
337 751 545 826 Ordinario
562 750 638 826 loci
655 751 884 845 exhibuerit,
902 751 959 826 ita
983 776 1107 850 neque
1132 750 1203 824 has
1229 748 1362 825 literas

129 865 201 941 ulli
235 865 425 943 sacerdoti
459 893 484 943 a
517 893 587 942 suo
618 867 811 966 Episcopo
841 870 991 944 dandas
1025 893 1118 961 esse,
1149 865 1225 944 nisi
1259 873 1362 943 certo

128 990 287 1076 constet,
305 1007 395 1058 eum
421 985 471 1059 ab
496 984 574 1059 alio
597 983 790 1083 Episcopo
816 983 857 1058 in
874 984 1089 1060 'dioecesim
1115 985 1196 1060 fore
1222 984 1361 1059 admit·
1458 1050 1460 1054 ,

128 1100 303 1175 tendum.
359 1100 494 1199 (Instr.
520 1101 557 1176 S.
585 1099 627 1176 O.
652 1101 702 1176 de
727 1098 772 1176 P.
804 1100 862 1189 E,
888 1102 936 1177 31
971 1100 1060 1176 Jan.
1088 1101 1195 1176 1866.
1249 1100 1362 1175 Cone.

129 1213 240 1291 Plen.
259 1215 363 1292 Balt.
382 1216 438 1292 ΙΙ.
457 1217 496 1292 N
498 1243 532 1293 0.
551 1217 669 1314 122.)¹

177 1332 240 1408 68.
276 1332 615 1428 Commendamus,
651 1342 694 1409 ut
728 1358 862 1410 omnes
895 1334 1036 1410 harum
1073 1333 1363 1433 provinciarum

129 1446 314 1547 Episcopi
347 1448 487 1525 iisdem
522 1450 701 1526 formulis
735 1451 938 1526 literarum
973 1449 1299 1549 excorporationis
1325 1456 1365 1526 et

128 1563 458 1660 incardinationis,
477 1565 556 1641 imo
575 1572 614 1642 et
637 1592 767 1642 sacrae
792 1566 1060 1660 ordinationis,
1079 1565 1184 1666 typis
1201 1565 1362 1664 impres·

129 1679 193 1772 sis,
211 1689 384 1776 utantur,
402 1709 479 1782 quo
497 1683 623 1782 major
639 1682 682 1757 in
699 1683 772 1758 hac
789 1684 933 1757 summi
952 1682 1140 1757 momenti
1157 1682 1365 1780 disciplina

129 1796 376 1873 uniformitas
392 1798 591 1875 habeatur.

177 1915 245 1991 69.
276 1914 385 2004 Quae
410 1917 458 1991 de
488 1918 731 1992 sacerdotum
761 1915 1085 2015 excorporatione,
1113 1915 1218 1991 etin
1244 1915 1363 1990 aliam

129 2031 334 2108 dioecesim
370 2032 629 2130 adscriptione
667 2016 755 2109 'sive
798 2032 952 2107 formali
996 2032 1078 2107 sive
1112 2039 1364 2131 praesumpta

129 2147 387 2242 definivimus,
406 2148 628 2224 nullatenus
646 2151 804 2224 obstant
819 2148 1099 2240 consuetudini,
1113 2149 1227 2246 juxta
1244 2173 1362 2246 quam

130 2263 313 2362 Episcopi
331 2266 560 2358 sacerdotes,
574 2264 608 2339 si
625 2264 693 2365 qui
710 2265 752 2340 in
770 2291 840 2340 sua
858 2264 1021 2340 dioecesi
1039 2264 1133 2338 satis
1153 2265 1361 2358 abundent,

129 2379 391 2479 egentioribus
409 2380 647 2456 dioecesibus
673 2384 723 2457 ad
749 2381 938 2456 auxilium
965 2380 1007 2454 in
1032 2405 1125 2455 cura
1142 2379 1362 2455 animarum

128 2497 330 2572 ferendum
348 2522 419 2595 pro
437 2496 604 2596 longiori
626 2497 745 2572 etiam
767 2504 943 2595 tempore
960 2498 1185 2572 concedunt.
1237 2495 1361 2586 Quem
1402 2518 1405 2525 ·

129 2637 289 2707 morem,
324 2613 382 2688 uti
425 2613 498 2688 zeli
532 2613 750 2711 Apostolioi
792 2613 991 2706 indicium,
1027 2614 1065 2688 S.
1100 2614 1218 2688 Sedes
1260 2638 1361 2687 oom-

129 2727 340 2943 pngepgdpvit.
397 2728 532 2829 (lustr.
550 2731 588 2804 S.
607 2729 648 2804 Ο.
668 2729 708 2804 Ο.
728 2731 777 2804 ad
804 2731 923 2804 Gonu.
942 2729 1043 2828 Epp.
1063 2728 1181 2804 Prov.
1200 2728 1361 2804 Mediol.

420 3015 439 3108 ᾗ
466 3015 500 3088 3.
537 3013 595 3088 Dc
620 3014 868 3088 Sacerdotibus
894 3012 1068 3112 Infirmis.

177 3178 238 3256 70.
275 3177 384 3268 “Qui
418 3179 515 3254 bene
550 3186 737 3277 praesunt
770 3178 998 3278 presbyteri,
1035 3178 1181 3276 duplici
1216 3180 1362 3254 honore

126 3293 236 3393 digni
262 3294 491 3388 habeantur,
509 3294 678 3370 maxime
702 3294 769 3393 qui
795 3295 975 3370 laborant
999 3295 1040 3369 in
1067 3295 1183 3369 verbo
1211 3302 1250 3370 et
1275 3297 1361 3370 doc·

126 3409 266 3486 trina.”
323 3412 368 3509 (1.
386 3410 485 3487 Tim.
503 3432 558 3503 v.,
577 3411 653 3506 17.)
705 3411 932 3509 Apostolioa
955 3412 1075 3486 verba
1098 3413 1146 3486 de
1171 3411 1219 3486 iis
1243 3437 1360 3510 quam

125 3526 297 3602 maxime
326 3525 583 3626 intelligenda
610 3536 704 3603 sunt
733 3528 981 3628 presbyteris
1007 3528 1074 3627 qui
1104 3528 1289 3603 diuturno
1320 3527 1360 3602 in

125 3641 242 3718 vinea
267 3641 429 3719 Domini
459 3643 676 3719 ministerio
702 3644 765 3719 vel
796 3669 957 3743 operoso
988 3643 1201 3718 vocationis
1232 3668 1362 3719 sacrae

127 3757 261 3834 labore
277 3757 467 3853 exhausti,
485 3765 554 3834 aut
577 3760 690 3858 gravi
715 3758 817 3835 inter
834 3760 985 3835 labores
1012 3762 1147 3835 morbo
1166 3759 1361 3855 confracti,

127 3874 356 3951 muneribus
381 3874 618 3974 Apostolicis
647 3874 751 3952 inter
774 3876 966 3976 populum
992 3877 1146 3951 fidelem
1172 3876 1363 3951 obeundis

126 3989 298 4090 impares
326 3992 555 4067 redduntur.
607 3991 807 4092 Singulari
836 4018 912 4092 quo
943 3991 1118 4068 infirmos
1147 3993 1243 4094 istos
1273 4017 1360 4067 con·

125 4107 265 4183 fratres
282 4108 556 4208 prosequimur
573 4134 704 4185 amore
722 4133 766 4184 ac
782 4109 1031 4184 veneratione
1048 4108 1242 4200 commoti,
1256 4133 1359 4183 sum-

126 4247 286 4323 mopere
317 4224 585 4300 desideramus
618 4225 769 4324 optima
802 4251 878 4325 qua
920 4225 1004 4300 fieri
1046 4225 1170 4325 possit
1210 4225 1360 4300 ratione

125 4339 343 4437 providere,
362 4365 412 4416 ne
435 4339 592 4438 inopiae
614 4341 821 4417 afflictione
847 4348 1070 4440 urgeantur,
1088 4366 1212 4440 neque
1235 4342 1361 4416 adhuc

125 4456 334 4555 temporali
361 4456 624 4532 sollicitudine
648 4465 897 4556 premantur;
925 4459 993 4533 sed
1018 4483 1064 4533 ea
1089 4464 1226 4532 cuncta
1251 4482 1360 4555 prae·

160 4621 249 4674 ¹vide
261 4621 425 4691 Responsum
435 4622 470 4675 de
482 4622 580 4676 Literia
591 4623 820 4689 commendatitiis,
832 4626 860 4676 in
872 4625 1023 4694 Αμρσκὶὶοι,
1034 4643 1060 4692 p.
1068 4624 1124 4681 211.

258 4710 301 4773 10
