3142 5242
437 458 492 505 nn
521 459 671 506 causrs
701 459 1132 507 uararnoumnraus.
1338 441 1401 505 273

166 613 237 680 sive
256 614 386 701 quando
405 615 577 681 necessaria
595 639 656 703 pro
675 615 881 682 matrimonio
901 617 1105 703 parabantur,
1125 616 1194 681 sive
1212 614 1341 703 quando
1360 613 1401 680 ad

112 718 118 730 '
166 739 353 783 eonsensum
368 717 581 804 promendum
595 717 732 784 adducta
748 719 820 802 fuit,
834 720 905 784 sive
918 719 1046 806 quaudo
1060 728 1134 807 post
1146 720 1258 785 datum
1272 741 1403 784 eonsen-

165 843 239 886 sum
257 821 375 888 festum
389 822 534 908 nuptiale
548 822 775 907 celebrabatur,
789 833 899 888 utrum
914 846 1028 911 nempe
1044 824 1094 889 his
1112 823 1261 889 omuibus
1278 822 1401 905 hilaris,

166 935 325 1012 prompta,
351 934 383 991 et
408 925 491 992 lacta
515 926 681 1011 adstiterit,
707 951 749 992 au
775 949 873 994 secus.
919 927 1158 994 Consideranda
1182 950 1310 1015 quoquc
1334 927 1402 990 eius

165 1030 281 1115 agendi
301 1030 383 1095 ratio
400 1053 475 1117 erga
493 1031 625 1097 alteram
644 1041 778 1118 partem,
793 1041 825 1097 et
844 1055 918 1119 erga
935 1032 1076 1098 eiusdem
1095 1031 1271 1113 familiam
1291 1039 1401 1094 utrum

165 1155 281 1220 nempe
302 1134 457 1201 benevola
475 1144 507 1199 et
525 1134 704 1218 affectuosa,
719 1145 830 1201 utrum
853 1135 988 1201 libenter
1004 1144 1036 1201 et
1055 1136 1124 1200 sinc
1143 1135 1342 1221 oppositione
1360 1134 1402 1199 ad

165 1236 270 1303 officia
291 1237 538 1308 matrimonialia
559 1261 625 1305 sese
646 1239 836 1324 exhibuerit,
859 1263 901 1306 an
922 1240 1041 1305 eisdem
1063 1239 1231 1322 obstiterit,
1253 1261 1291 1303 ea
1311 1260 1402 1325 prae·

164 1341 275 1406 sertim
305 1341 345 1408 de
373 1365 482 1408 caussa
509 1344 586 1429 quia
618 1343 857 1409 matrimonium
886 1343 1015 1408 nullum
1044 1344 1216 1431 putaverit,
1241 1352 1337 1429 atque
1365 1350 1403 1406 ut

165 1444 281 1510 melius
295 1445 378 1511 tueri
392 1456 498 1533 posset
511 1447 675 1534 propriam
690 1446 879 1514 libertatem.
923 1446 980 1513 Ad
997 1447 1058 1513 hoc
1071 1443 1268 1534 postremum
1282 1446 1403 1510 factum

164 1549 368 1636 probandum
391 1549 583 1616 considerari
607 1549 711 1635 debet,
735 1560 845 1616 utrum
868 1551 928 1617 hac
950 1550 991 1617 de
1013 1574 1122 1617 eaussa
1147 1551 1232 1616 inter
1253 1550 1403 1637 coniuges

165 1653 252 1739 ipsos
275 1664 363 1719 ortae
386 1655 452 1720 sint
476 1653 549 1720 lites
568 1662 600 1719 et
618 1656 845 1739 contentiones,
860 1665 971 1721 utrum
992 1655 1054 1721 hoo
1075 1655 1197 1720 factum
1220 1652 1404 1718 manifesta·

165 1758 283 1840 verint,
308 1767 340 1823 et
368 1759 495 1846 quibus,
519 1782 538 1823 a
567 1782 632 1846 quo
660 1768 802 1846 tempore
830 1768 903 1846 post
927 1759 1168 1825 matrimonium
1193 1757 1272 1823 istae
1296 1757 1403 1844 queri-

166 1863 292 1926 moniae
312 1861 495 1949 inceperint,
510 1872 542 1928 et
562 1886 603 1928 ex
620 1886 684 1951 qua
703 1886 812 1928 caussa
826 1863 880 1928 vel
894 1863 1027 1946 ratione,
1042 1872 1153 1928 utrum
1172 1860 1214 1926 ad
1233 1860 1312 1926 tales
1331 1860 1404 1926 lites

165 1975 198 2030 et
220 1965 428 2032 dissensiones
448 1966 607 2033 tollendas
628 1967 774 2033 adhibita
795 1968 918 2033 fuerint
938 1966 1080 2051 consilia,
1095 1965 1300 2050 hortationes,
1314 1974 1346 2031 et
1368 1964 1404 2029 in

165 2093 240 2134 (asu
254 2069 457 2148 affirmativo,
473 2071 624 2159 aquibus
637 2079 670 2136 et
683 2094 748 2157 quo
762 2072 863 2138 exitu.

211 2174 228 2250 ἓ
247 2177 298 2240 39.
326 2173 382 2240 Ad
399 2174 560 2261 praedicta
576 2175 791 2262 cognoscenda
816 2175 851 2239 iu
870 2173 1025 2240 iudicium
1043 2174 1179 2240 vooendi
1197 2181 1293 2239 erunt
1308 2171 1403 2241 ambo

164 2278 324 2364 coniuges,
339 2301 512 2366 eorumque
526 2290 681 2366 parentes,
697 2279 747 2343 illi
761 2281 946 2366 praesertim
961 2280 1018 2366 qui
1031 2279 1072 2344 de
1086 2279 1245 2344 coactione
1258 2277 1404 2343 adhibita

164 2391 361 2465 accusantur,
385 2391 416 2448 et
441 2391 620 2469 opportune
645 2383 864 2471 interrogandi
888 2384 930 2448 de
954 2383 1039 2448 facto
1064 2382 1144 2468 ipso,
1167 2380 1209 2446 de
1233 2380 1339 2463 mode,
1362 2380 1404 2447 de

164 2485 284 2568 animo,
299 2495 330 2551 ct
349 2486 390 2552 de
409 2486 472 2551 fine
486 2486 528 2552 ob
542 2509 638 2573 quem
657 2486 699 2552 ad
714 2488 783 2554 vim
797 2486 1012 2552 adhibendam
1031 2485 1120 2553 ducti
1140 2485 1271 2550 suerint.
1316 2483 1403 2549 Item

165 2589 301 2656 vocandi
317 2591 492 2678 propinqui
507 2599 538 2655 ct
553 2591 727 2657 familiares
741 2590 929 2656 violentiam
943 2591 1128 2674 accusantis,
1139 2598 1173 2654 et
1187 2587 1402 2675 interrogandi

164 2691 206 2759 de
227 2694 377 2759 omnibus
398 2717 480 2781 quae
501 2694 555 2762 vel
576 2693 619 2760 ad
640 2705 796 2782 parentes
818 2694 871 2761 vel
893 2694 935 2759 ad
957 2694 1041 2759 filios
1061 2694 1243 2759 referuntur
1254 2718 1263 2775 ;
1291 2703 1402 2757 utrum

164 2797 342 2883 quidquam
368 2821 478 2863 corum
503 2821 584 2884 quae
609 2800 644 2863 in
669 2800 747 2864 actis
776 2798 934 2864 habentur
959 2798 1100 2884 viderint
1127 2806 1185 2863 aut
1208 2797 1402 2880 audiverint,

165 2900 286 2988 quidve
314 2902 424 2967 norint
451 2902 604 2967 accedisse
632 2901 674 2968 ad
703 2926 771 2969 rem
796 2903 968 2989 pertinens,
994 2902 1064 2967 sive
1093 2893 1403 2987 antequam'matri·

166 3005 312 3070 monium
325 3005 546 3089 celebraretur,
561 3007 629 3073 sive
642 3016 785 3094 tempore
799 3006 1049 3089 cohabitationis
1061 3006 1130 3070 sive
1143 3014 1215 3091 post
1229 3005 1403 3091 coniugum

166 3108 406 3194 separationem,
425 3110 453 3174 si
477 3110 554 3175 haec
575 3110 679 3176 locum
700 3110 857 3176 habuerit.
894 3110 938 3174 In
957 3109 1044 3174 hisce
1062 3109 1285 3174 examinandis
1306 3108 1403 3172 iudex

166 3211 336 3300 diligenter
365 3213 525 3300 invigilet,
555 3223 664 3280 utrum
698 3214 807 3301 aliqua
834 3214 1019 3280 collusionis
1055 3213 1260 3299 suspicanelae
1295 3235 1403 3276 caussa

166 3317 278 3400 subsit,
294 3326 326 3382 et
340 3328 437 3399 curet,
453 3327 489 3383 ut
504 3318 609 3405 quoad
623 3317 766 3406 singulas
785 3341 935 3406 personas
953 3318 1165 3405 parochorum
1184 3317 1403 3382 testimonium

166 3421 307 3504 obtineat
321 3422 362 3487 de
376 3423 518 3508 ipsarum
533 3422 691 3509 probitate
704 3431 800 3510 atque
813 3422 1031 3489 credibilitate.
1077 3421 1157 3486 Post
1175 3421 1253 3485 istos
1267 3420 1403 3487 vocandi

166 3525 323 3611 parochus
338 3525 391 3592 vel
406 3527 488 3590 alius
502 3526 657 3610 sacerdos,
671 3527 729 3614 qui
743 3526 946 3593 matrimonio
960 3526 1103 3608 adstitit3
1126 3525 1177 3589 illi
1191 3525 1248 3612 qui
1263 3524 1403 3590 eiusdem

167 3629 370 3694 celebrationi
392 3639 424 3695 et
446 3630 526 3695 festo
547 3630 687 3716 nuptiali
708 3631 932 3714 interfuerunt,
949 3640 987 3696 ut
1008 3630 1144 3695 referant
1166 3628 1350 3715 praesertim
1364 3629 1404 3694 de

168 3733 350 3821 modoque
373 3757 507 3820 persona
529 3744 639 3800 contra
662 3735 903 3800 matrimonium
925 3734 1098 3799 reclamans
1121 3734 1156 3798 in
1180 3733 1247 3798 illis
1269 3732 1404 3797 circum-

167 3838 293 3902 stantiis
321 3860 354 3903 se
382 3839 514 3924 gesserit
525 3864 534 3921 ;
563 3839 644 3903 aliae
672 3861 824 3924 personae
850 3837 1008 3921 inductuc,
1035 3838 1109 3902 illae
1137 3836 1299 3923 speciatim
1323 3860 1405 3923 quae

167 3941 329 4006 adhibitae
352 3942 483 4007 fuerunt
506 3941 559 4008 vel
584 3951 621 4007 ut
643 3942 784 4007 consiliis
807 3951 839 4007 et
861 3941 1096 4008 hortationibus
1119 3941 1339 4006 reclamantem
1363 3939 1403 4004 ad

168 4045 410 4110 matrimonium
432 4045 625 4129 inducerent,
642 4045 695 4112 vel
716 4055 754 4111 ut
775 4046 949 4111 excitarent
968 4044 1010 4110 ad
1032 4043 1136 4110 officia
1156 4042 1405 4109 matrimonialia

168 4149 365 4234 praestanda,
385 4149 427 4214 ab
446 4148 549 4236 iisque
568 4149 797 4236 quaerendum,
814 4147 895 4237 quid
916 4149 1049 4237 egerint,
1070 4147 1188 4236 quibus
1210 4147 1405 4235 argumentis

169 4274 253 4335 usae,
275 4253 396 4339 quidve
416 4262 599 4319 consecutae
621 4253 749 4320 fuerint.

215 4356 299 4434 540.
329 4356 498 4424 Caeterum
520 4357 555 4422 in
576 4357 637 4423 hae
658 4380 692 4423 re
714 4356 811 4423 iudex
832 4357 921 4443 sciat,
943 4355 1186 4425 matrimonium
1207 4378 1273 4421 esse
1294 4378 1352 4442 per
1371 4377 1406 4421 se
1465 4441 1471 4451 ¹

169 4458 289 4524 factum
303 4461 465 4547 quoddam
479 4461 620 4527 solemne
639 4472 671 4527 et
689 4462 866 4549 publicum,
880 4461 968 4550 quod
988 4482 1113 4546 semper
1125 4458 1274 4528 validum
1288 4459 1406 4524 censeri

168 4561 271 4648 debet,
295 4564 356 4629 nisi
385 4564 548 4630 evidentes
573 4566 711 4631 rationes
734 4563 886 4631 eiusdem·
901 4564 1084 4630 nullitatem
1108 4562 1406 4630 demonstraverint.

1250 4826 1531 4904 Α
