3142 5242
586 488 640 533 na
668 489 992 537 soclnrnrrsus
1346 476 1405 536 141

175 640 354 715 “Omnes
372 666 396 715 a
413 640 635 719 Christiana
652 646 727 720 fide
745 654 951 744 apostatas,
970 654 1010 721 et
1026 670 1160 720 omues
1177 652 1217 720 et
1233 645 1407 743 singulos

173 755 397 850 haereticos
423 784 665 860 quocumque
690 763 847 838 nomino
873 770 1110 853 censeantur,
1129 768 1169 837 et
1192 762 1405 859 cujuscum-

174 897 248 970 que
263 883 388 950 seotae
400 876 578 972 existant,
590 879 721 978 eisque
734 882 942 973 credentes,
955 906 1166 980 eorumque
1178 888 1405 977 receptores,

176 991 357 1085 fautores,
387 1019 432 1068 ao
463 995 696 1093 generaliter
729 997 922 1096 quoslibet
953 996 1115 1073 illorum
1150 998 1405 1073 defensores.”

106 1196 111 1201 ,
173 1116 194 1150 “
208 1109 491 1205 schismaticos,
523 1118 563 1187 et
604 1137 680 1205 eos,
715 1113 783 1213 qui
823 1139 846 1189 a
890 1113 1058 1189 Romani
1101 1114 1300 1189 Pontificis
1335 1140 1405 1214 pro

174 1233 350 1326 tempore
375 1227 574 1303 existentis
595 1230 814 1305 obedientia
835 1230 1084 1329 pertinaciter
1101 1257 1142 1306 se
1159 1231 1403 1323 subtrahunt,

173 1345 235 1419 vel
263 1346 484 1419 recedunt.’'
536 1345 585 1421 In
611 1355 806 1446 comperto
831 1346 936 1422 enim
960 1355 1029 1439 est,
1049 1347 1265 1446 quamlibet
1289 1347 1404 1423 socie·

120 1485 127 1496 ·
174 1469 307 1554 tatem,
325 1469 598 1562 praeterquam
624 1464 728 1562 quod
753 1463 806 1538 sit
829 1471 985 1556 secreta,
1004 1489 1117 1562 posse
1142 1463 1261 1538 etiam
1287 1463 1403 1538 schis-

173 1579 355 1653 maticam
372 1604 457 1655 esse
473 1579 536 1653 vel
553 1579 807 1672 haereticam3
832 1579 1071 1679 proindeque
1088 1579 1215 1655 omnis
1232 1580 1403 1674 sociatae,

173 1698 328 1794 quando
360 1695 434 1770 sibi
463 1695 636 1770 vindicat
668 1697 938 1796 presbyterum
975 1695 1147 1771 aliumve
1181 1696 1404 1772 ministrum

171 1813 310 1904 cultus,
341 1838 429 1887 cum
463 1811 621 1911 proprio
655 1812 790 1887 rituali
824 1838 868 1887 ao
900 1811 1165 1905 caeremoniis,
1200 1838 1278 1887 non
1313 1839 1403 1912 quo·

171 1929 395 2021 modolibet‚
414 1954 483 2003 nec
506 1927 619 2003 sicuti
643 1928 852 2027 aliquando
876 1931 981 2028 apud
1005 1935 1197 2004 nostrates
1219 1931 1265 2004 fit
1284 1955 1404 2028 quum

169 2070 301 2144 preces
331 2047 523 2143 quaedam
552 2043 594 2118 in
625 2043 769 2119 civium
800 2045 1053 2120 conventibus
1082 2045 1306 2137 recitantur,
1337 2046 1406 2119 scd

168 2187 213 2237 eo
244 2164 360 2237 modo
390 2187 466 2261 quo
498 2160 585 2260 ipsa
614 2161 787 2251 societas,
819 2186 940 2260 pravo
975 2160 1050 2236 sibi
1084 2163 1160 2236 fine
1193 2161 1404 2260 proposito,

168 2285 271 2353 secta
300 2276 547 2352 schismatica
576 2284 645 2353 aut
677 2277 871 2352 haeretica
905 2277 1044 2371 evadit,
1070 2278 1161 2375 jure
1191 2276 1406 2376 meritoque

166 2393 209 2468 in
233 2419 416 2469 censuras
442 2394 687 2492 supradictas
711 2392 888 2469 incurrit.

216 2511 303 2588 250.
335 2510 374 2586 N
376 2537 426 2586 on
444 2510 530 2586 ideo
548 2518 680 2586 autem
698 2513 889 2586 censenda
906 2518 999 2585 sunt
1014 2511 1146 2586 omnia
1163 2511 1289 2604 licere,
1307 2538 1406 2610 quae

73 2715 76 2737 ,
167 2652 244 2702 non
276 2627 358 2702 sint
386 2652 566 2727 expresse
595 2628 804 2720 damnata;
845 2635 885 2702 et
914 2626 1036 2702 nostri
1066 2626 1209 2720 fideles,
1237 2628 1405 2703 maxime

142 2751 298 2819 ¹autem
336 2744 525 2843 juniores,
560 2769 636 2842 quo
675 2743 830 2842 longius
869 2745 919 2819 ab
956 2743 1064 2818 omni
1103 2744 1274 2841 periculo
1310 2744 1405 2818 mali

167 2868 433 2954 amoveantur,
469 2860 654 2936 edocendi
697 2867 790 2935 sunt
830 2859 1079 2959 graviterque
1121 2860 1403 2953 commonendi,

167 2977 303 3051 sedulo
344 2976 442 3075 ipsis
485 2975 724 3074 effugiendas
767 3001 851 3052 esse
893 3001 1028 3051 omnes
1067 2976 1267 3051 societates
1305 3002 1404 3075 quae

166 3095 526 3192 quomodocumque
567 3092 658 3168 fidei
696 3099 764 3167 aut
802 3093 976 3168 moribus
1013 3093 1161 3191 judicio
1205 3092 1404 3168 Ordinarii

167 3209 397 3284 offendiculo
440 3235 523 3285 esse
565 3209 727 3307 possint.
791 3210 877 3299 Qua
919 3211 967 3284 de
1009 3235 1051 3284 re
1093 3210 1277 3283 Summus
1320 3209 1404 3308 ipse

168 3325 348 3401 Pontifex
379 3325 583 3425 Episcopis
610 3326 682 3401 hoc
711 3325 917 3400 consilium
949 3326 1128 3425 praebet:
1170 3331 1191 3366 “
1204 3324 1403 3418 Parentes,

167 3442 346 3542 magistri
380 3442 548 3542 pietatis,
583 3442 758 3517 curiones
792 3441 895 3517 inter
929 3441 1172 3516 Christianae
1208 3442 1405 3517 doctrinae

166 3558 455 3658 praeceptiones
502 3558 695 3651 insistant,
739 3558 861 3633 Vobis
908 3557 1139 3650 auctoribus
1187 3566 1404 3657 opportune

165 3663 411 3751 commonere
437 3675 579 3750 liberos
609 3681 649 3750 et
677 3675 856 3749 alumnos
883 3676 931 3750 de
956 3674 1148 3772 ejusmodi
1174 3673 1402 3749 societatum

165 3791 360 3892 flagitiosa
393 3802 544 3884 natura,
579 3798 619 3867 et
660 3798 704 3866 ut
746 3799 898 3866 mature
935 3816 1071 3866 cavere
1110 3790 1262 3865 discant
1300 3799 1402 3865 artes

165 3909 432 3984 fraudulentas
463 3915 502 3983 et
527 3907 666 3999 varias,
694 3933 789 4007 quas
820 3933 954 3982 eorum
982 3914 1260 4005 propagatores
1292 3932 1401 3981 usur-

165 4050 260 4123 pare
283 4026 333 4099 ad
357 4024 625 4124 illaqueandos
645 4023 823 4099 homines
840 4029 1133 4098 consueverunt.
1189 4023 1317 4097 Immo
1336 4023 1403 4122 qui

165 4141 470 4215 adolescentulos
502 4141 552 4214 ad
582 4165 689 4214 sacra
719 4138 968 4238 percipienda
996 4138 1071 4212 rite
1101 4139 1296 4230 erudiunt,
1325 4164 1401 4213 non

166 4256 297 4355 inepte
335 4256 506 4350 fecerint,
541 4255 575 4331 si
613 4257 808 4331 adducant
846 4253 1020 4353 singulos
1064 4263 1107 4329 ut
1149 4260 1324 4329 statuant
1360 4280 1403 4329 ac

165 4373 366 4472 recipiant,
392 4372 644 4447 inscientibus
678 4370 915 4469 parentibus,
942 4376 1012 4445 aut
1045 4396 1123 4445 non
1158 4378 1314 4445 auctore
1339 4371 1403 4446 vel

165 4488 322 4564 curione
339 4489 402 4564 vel
420 4487 675 4563 conscientiae
686 4486 955 4586 judice,nulla
971 4512 1013 4562 se
1031 4512 1204 4586 unquam
1222 4486 1403 4561 societate

165 4604 440 4702 obligaturos.”
497 4603 669 4704 (Encycl.
688 4603 768 4698 cit.)
