3142 5242
178 455 241 518 240
669 426 914 520 nrrnsnrx.

177 627 249 692 “Iu
270 627 329 692 lroc
351 629 472 712 ropione
492 651 528 691 aa
551 629 681 713 ordietur
704 628 917 692 omrarrctudinc
939 627 1072 693 binondi
1095 628 1218 692 iioartia
1241 628 1417 713 otiqrrcndo

175 732 348 796 conceditur
369 731 406 795 ob
427 733 628 796 ncoemdatem
649 733 803 815 nrorrdem,
825 733 892 796 licet
909 731 1067 819 porodu‘o
1088 731 1220 796 vicinior
1239 754 1307 796 aon
1329 732 1416 796 dtur

175 837 258 900 ultro
276 836 411 922 aprutium
430 836 547 900 modica
565 837 689 913 lcucoa,·
711 835 871 921 quaeritur
883 859 960 900 num
972 833 1103 901 reum
1147 834 1181 901 S.
1197 834 1415 924 Congragatio

176 939 291 1005 litteris
327 938 391 1006 diei
425 943 465 1006 31
502 939 581 1005 Iulii
620 940 806 1025 respondit:
843 943 863 976 “
873 939 1060 1024 Praemisso,
1089 939 1321 1026 Episcoponrm
1354 962 1415 1004 erac

174 1045 309 1108 maneria
322 1067 384 1130 pro
399 1043 514 1108 viribus
529 1066 649 1127 aurore,
663 1050 697 1107 ut
711 1043 771 1107 lure
783 1045 830 1107 uti
842 1044 995 1129 facultate
1006 1067 1071 1107 uon
1083 1043 1124 1108 ait
1136 1066 1216 1129 opus
1229 1044 1276 1107 cd
1288 1066 1412 1108 cuccur-

174 1149 304 1212 rerrdum
319 1149 462 1235 fidolium
482 1147 715 1231 necemitrrtibus,
738 1150 849 1234 praeis
869 1148 1023 1232 quaeratis
1046 1148 1201 1213 amuda
1225 1149 1263 1212 in
1283 1147 1413 1232 cinquiic

175 1252 297 1316 casibus
310 1253 469 1337 caaiqncri
481 1276 545 1317 non
559 1258 665 1339 potest.
716 1252 912 1339 Qrurpropter
924 1252 960 1317 ira
973 1251 1096 1316 casibus
1107 1258 1143 1316 at
1154 1274 1258 1338 supro
1270 1253 1412 1339 porticu·

174 1357 302 1441 loribrra,
317 1358 467 1444 deficiente
482 1357 728 1445 prosbyterorum
748 1357 850 1442 copia,
868 1357 999 1443 aliicptc
1018 1356 1159 1421 cornibus
1177 1356 1413 1420 circumstantia

174 1469 293 1526 mature
308 1462 480 1549 pnpewic,
489 1461 642 1548 prudenti
660 1461 779 1524 iudicio
791 1460 969 1547 Superioris
982 1461 1196 1547 definiendum,
1210 1467 1320 1524 tetrum
1331 1482 1366 1524 co
1377 1459 1411 1523 in

174 1589 250 1631 casu
264 1572 449 1630 concurrant
466 1566 582 1649 procia
601 1588 705 1629 rerum
726 1565 886 1648 adiuncto,
901 1587 981 1651 quac
994 1565 1123 1629 tradunt
1135 1564 1411 1629 doctoresueocssi·

174 1671 245 1734 totis
259 1693 366 1734 cacum
378 1670 488 1754 fferre
503 1670 562 1757 (uti
575 1671 755 1756 propositus
766 1669 909 1754 videtur),
923 1670 960 1733 in
973 1691 1033 1756 quo
1046 1668 1272 1754 dispensationi
1284 1691 1309 1734 a
1316 1691 1410 1756 prac-

174 1782 256 1860 crpto
270 1774 438 1838 uniousoti
451 1773 489 1838 de
501 1797 566 1838 non
578 1774 719 1838 iterando
732 1773 884 1860 arrcrificio
897 1773 939 1838 ol>
950 1773 1053 1838 codem
1059 1771 1238 1859 preabyiero
1251 1773 1411 1858 mquuc

174 1879 224 1942 dic
244 1879 328 1943 Iocus
339 1877 412 1965 fiat,
427 1884 455 1942 ct
468 1877 601 1941 binondi
611 1877 763 1961 facultati
782 1876 970 1960 tribuendae,
985 1899 1050 1963 qua
1065 1899 1166 1964 porca
1180 1878 1308 1941 asinino
1327 1878 1410 1941 ilium

172 1984 220 2046 uti
247 1982 413 2047 deberem
437 1982 608 2068 Apostoliei
634 1982 735 2068 ipsius
761 1981 876 2046 indulti
899 1981 998 2046 verbis
1025 1982 1167 2068 opprimo
1189 1979 1409 2068 perspicitur.''

173 2087 283 2174 Atque
304 2085 382 2151 haec
403 2086 570 2168 instructio
592 2085 705 2150 iisdem
724 2086 833 2151 verbis
853 2086 951 2150 missa
971 2085 1036 2150 fuit
1050 2085 1212 2171 Episcopo
1226 2084 1409 2152 Trevirensi

172 2213 258 2256 anno
274 2193 369 2273 1853,
384 2189 475 2254 cuius
494 2188 624 2254 nomine
637 2191 729 2255 varia
747 2188 846 2255 dubia
865 2189 906 2255 de
927 2190 1042 2254 missac
1062 2189 1229 2254 iteratione
1250 2189 1410 2275 proposita

173 2295 319 2376 firerant3
341 2293 529 2379 rescriptum
550 2293 637 2358 enim
651 2293 679 2358 ei
695 2293 758 2358 fuit
774 2294 828 2359 die
842 2296 884 2360 28
899 2292 1104 2379 Septembris,
1119 2292 1216 2379 quad,
1232 2293 1302 2358 eius
1316 2316 1408 2380 quae-

173 2399 242 2464 sitis
262 2397 477 2479 consideratiS,
493 2399 637 2461 “cursuit
656 2397 691 2462 S.
712 2397 913 2481 Corcyrepotio
931 2397 1072 2461 doridam
1092 2418 1154 2459 esec
1173 2397 1407 2479 instructionem,

172 2526 267 2589 quom
296 2551 304 2567 .
337 2551 345 2568 .
377 2551 385 2567 .
424 2500 567 2565 licerius
588 2501 784 2587 Apoatolicua
807 2500 1039 2584 Limburpcucis
1062 2499 1192 2565 obtinuit
1211 2500 1270 2565 aab
1292 2502 1344 2565 die
1368 2504 1404 2567 31

173 2606 251 2670 Iulii
264 2629 349 2670 curto
366 2603 484 2671 1851.’'

219 2713 269 2775 16.
293 2710 441 2775 Ceterum
458 2709 540 2773 iuter
556 2711 645 2774 varia
659 2732 816 2795 responsa,
832 2732 914 2795 qnae
928 2708 1154 2773 dimetiendam
1175 2708 1296 2774 iudicio
1310 2710 1407 2796 Supe-

172 2815 265 2879 rioris
291 2815 460 2877 remittunt
484 2836 650 2877 causarum
675 2814 878 2899 gravitatem,
904 2813 1078 2877 nonnullae
1102 2813 1296 2899 peculiarem
1322 2838 1406 2879 men-

171 2919 291 2983 tionem
333 2927 514 2999 merentur,
557 2917 711 2982 eiusmodi
749 2926 826 2981 sunt
866 2917 949 2996 illae,
987 2939 1078 3003 quac,
1115 2917 1193 2981 dum
1232 2931 1407 3004 sequuntur

172 3032 352 3087 consuetum
370 3021 513 3107 regulam
537 3021 719 3085 remittendi
741 3021 921 3108 Superioris
944 3018 1061 3085 iudicio
1082 3043 1250 3085 causarum
1264 3024 1406 3087 aestima·

171 3128 300 3207 tionem,
317 3125 460 3189 inditant
481 3124 577 3189 simul
599 3125 709 3211 aliquo
731 3126 827 3189 modo
847 3148 948 3212 genus
968 3147 1023 3189 seu
1047 3126 1242 3189 necessitatis
1261 3127 1405 3213 gradum,

171 3253 265 3316 quern
282 3230 405 3295 iteratio
420 3229 532 3293 missae
547 3229 697 3314 postulat,
711 3239 807 3315 atque
821 3228 996 3294 identidem
1015 3231 1217 3317 aliquatenus
1229 3238 1406 3316 temperant

171 3333 386 3415 formidinem,
402 3342 496 3419 atquc
512 3332 636 3397 leniunt
650 3333 783 3396 nimiam
797 3333 896 3397 animi
911 3335 1114 3414 anxietatem,
1126 3356 1224 3420 quam
1241 3333 1406 3420 Episcopis

170 3449 201 3503 et
228 3437 434 3502 missionariis
461 3437 534 3500 illac
559 3436 717 3500 clausulae
741 3447 934 3520 creaverant,
960 3437 1078 3525 quibus
1107 3436 1184 3501 haec
1212 3437 1349 3503 facultas
1372 3439 1404 3502 in

172 3542 337 3606 Forrnulis
359 3541 522 3605 coercitur.
568 3540 681 3606 Unum
703 3563 744 3604 ex
767 3541 921 3604 eiusmodi
944 3543 1102 3627 responsis
1121 3542 1233 3605 datum
1256 3552 1304 3606 cst
1324 3563 1405 3606 anno

173 3650 256 3711 1848
280 3646 321 3709 ad
344 3645 540 3730 Episcopum
569 3645 600 3707 in
627 3643 771 3709 Statibus
793 3645 960 3709 American
984 3645 1189 3727 Foederatis3
1215 3645 1300 3710 datis
1320 3647 1403 3711 enim

171 3750 285 3814 litteris
307 3749 359 3812 dic
381 3752 399 3812 9
424 3748 505 3812 Maii
528 3749 573 3811 sic
598 3757 646 3812 est
668 3749 875 3833 rescriptum:
898 3752 918 3784 “
937 3749 1029 3812 Venio
1050 3749 1095 3813 od
1110 3750 1303 3835 postrdotunr
1323 3758 1404 3814 truun

170 3855 254 3918 circo
282 3854 405 3916 modu-nr
433 3853 655 3937 interpretandi
682 3853 892 3935 nccasadatcm,
918 3876 999 3938 quoe
1026 3854 1194 3939 requiritur
1219 3855 1265 3917 ad
1294 3855 1404 3918 licitum

169 3982 259 4021 rurum
270 3957 434 4041 ‚fricultotis
448 3957 495 4019 bis
508 3958 543 4019 iu
558 3957 607 4020 dic
621 3957 745 4020 neuram
760 3958 933 4022 celebrandi
956 4008 963 4022 .
988 4007 996 4023 .
1022 4008 1030 4023 .
1054 3958 1180 4022 ll'ocerit
1197 3982 1270 4042 erpo
1285 3959 1403 4045 Αιηρὶἱ-

169 4064 242 4125 tudo
263 4063 340 4143 Tua,
355 4062 555 4124 necessitatem
577 4061 762 4144 lruirrsrnodi,
778 4062 816 4124 dc
830 4085 893 4146 quta
914 4085 1010 4125 «sentio
1025 4069 1075 4144 eat,
1090 4085 1193 4125 oerum
1208 4064 1340 4147 quidem,
1353 4062 1403 4126 aed

169 4167 312 4229 ruorolcm
327 4166 453 4248 intellipi
460 4191 474 4241 ,·
497 4189 560 4228 rron
581 4173 680 4228 autem
702 4167 880 4248 (coactitiam,
896 4167 1012 4252 dequeo
1028 4167 1165 4253 proinde
1183 4167 1359 4231 diiudicare
1370 4167 1402 4229 iu

168 4271 297 4352 ainpulia
327 4269 448 4332 cusibua
471 4270 583 4355 pendet
612 4292 634 4332 a
657 4270 807 4355 prudenti
834 4271 960 4352 iudicio,
989 4270 1131 4356 inspectis
1159 4271 1401 4335 circumstantiis.

174 4376 289 4438 (loreas
311 4395 381 4456 erpo
404 4379 516 4457 oportet
538 4372 596 4437 lucc
617 4374 653 4436 iu
673 4397 707 4436 rc
728 4373 768 4437 ol)
791 4375 942 4437 ouaidatc
962 4374 1061 4438 nimia
1081 4376 1117 4437 in
1138 4374 1403 4456 diiudicandum

160 4478 286 4561 fnestra
308 4500 447 4541 corrcasaa
469 4485 523 4541 aut
541 4501 620 4562 pene
640 4478 675 4540 iu
697 4479 780 4541 nullo
802 4500 877 4541 mrsu
896 4479 941 4541 cd
962 4479 1253 4542 octrrmreduccudo
1265 4478 1403 4563 facultas

162 4583 327 4666 proedicto
350 4580 521 4646 cidcutrrr·.''
568 4582 690 4646 Notata
712 4581 841 4667 dignior
862 4590 909 4646 est
931 4581 1111 4664 declaratio,
1135 4604 1217 4669 quae
1240 4582 1338 4647 missa
1359 4589 1403 4646 ast
