3142 5242
488 453 489 456 ¹
573 486 626 532 nn
656 487 890 535 concussu.
1308 470 1349 533 27

164 641 224 717 45.
261 641 514 732 Quaestiones
540 650 578 717 et
607 668 718 717 casus
751 643 893 742 scripto
918 642 1138 718 resolvendi
1169 642 1348 717 omnibus

116 758 430 834 concurrentibus
448 757 567 833 iidem
585 760 719 834 eodem
737 766 912 858 tempore
929 759 1144 851 distentum
1168 758 1349 833 omnibus

117 875 264 973 pariter
279 873 384 950 idom
410 877 546 950 eodem
571 881 747 974 tempore
771 881 900 951 textus
918 874 1125 974 Evangelii
1148 876 1348 966 tradatur;

116 1000 264 1065 certum
291 992 448 1066 demum
479 991 661 1090 idemque
686 991 874 1090 temporis
899 991 1071 1090 spatium
1098 992 1350 1090 praefiniatur

117 1106 222 1182 intra
246 1108 350 1206 quod
379 1131 491 1182 casus
520 1107 731 1202 resolvant,
757 1108 1048 1207 quaestionibus
1078 1110 1348 1207 respondeant,

116 1224 406 1298 conciunculam
432 1231 675 1323 componant.
728 1225 874 1323 (Const.
900 1224 962 1300 cit.
988 1224 1014 1300 l.
1041 1228 1089 1322 c.)

165 1342 226 1415 46.
254 1340 551 1416 Examinatores
576 1349 708 1440 partes
733 1366 823 1417 suas
840 1341 1022 1440 religioso
1048 1349 1167 1440 agant
1192 1343 1287 1417 adeo
1307 1348 1350 1416 ut

116 1447 360 1553 competitoii
378 1457 593 1532 necessaria
608 1458 805 1557 ignoranti
832 1458 942 1533 nulla
957 1458 1142 1556 affulgeat
1164 1484 1253 1556 spes
1270 1458 1351 1531 fore

117 1580 162 1649 ut
178 1574 401 1649 idoneitatis
419 1573 688 1649 testimonium
706 1574 889 1651 obtineat.

164 1690 225 1767 47.
268 1690 316 1765 In
351 1693 486 1766 eodem
521 1691 694 1765 conclavi
733 1691 983 1767 examinandi
1025 1717 1160 1766 omnes
1194 1715 1349 1789 congre·

115 1814 256 1906 gentur
290 1808 363 1883 sub
396 1807 580 1907 praefecti
614 1808 664 1883 ab
699 1808 892 1907 Episcopo
923 1808 1099 1908 deputati
1124 1806 1350 1907 vigilantia3

116 1926 166 1999 ad
192 1926 297 2024 quod
326 1925 507 1999 conclave
537 1932 627 1999 ante
653 1924 842 2000 examinis
871 1926 989 2000 finem
1021 1923 1167 1999 nemini
1197 1930 1352 2022 praeter

116 2048 385 2115 concurrentes
403 2047 442 2116 et
458 2042 695 2139 praefectum
714 2041 842 2116 aditus
860 2048 1012 2140 pateat3
1040 2039 1186 2115 nemini
1207 2038 1348 2113 exami-

117 2157 335 2232 nandorum
387 2164 541 2256 praeter
596 2157 835 2233 necessitatis
890 2182 1021 2251 casum
1074 2156 1178 2231 exire
1225 2147 1349 2230 liceat.

122 2272 267 2370 (Const.
294 2273 357 2347 cit.
385 2273 410 2348 l.
434 2275 482 2372 c.)

165 2389 226 2464 48.
255 2389 304 2464 In
320 2391 516 2488 responsis
533 2390 677 2491 scripto
696 2391 942 2466 absolvendis
963 2390 1185 2489 Scripturae
1201 2391 1350 2483 Sacrae,

116 2504 280 2579 Concilii
305 2506 535 2599 Tridentini,
563 2507 745 2605 Corporis
775 2507 883 2582 Juris
910 2504 1094 2581 Canonici
1124 2513 1164 2581 et
1188 2505 1350 2581 Concor·

117 2621 341 2697 dantiarum
362 2622 568 2697 Sacrorum
585 2622 805 2698 Bibliorum
832 2648 926 2698 usus
952 2621 1214 2722 permittatur.
1266 2621 1351 2696 Ali·

116 2762 228 2813 orum
264 2738 497 2837 scriptorum
531 2740 594 2814 vel
637 2739 828 2814 librorum
864 2765 990 2832 usum,
1025 2746 1094 2813 aut
1134 2738 1352 2838 cujuspiam

117 2855 306 2953 adjutoris
324 2881 483 2954 operam
505 2856 663 2930 omnino
681 2856 817 2950 vetari,
836 2882 883 2932 ex
899 2856 985 2955 ipsa
1001 2855 1059 2930 rei
1076 2863 1217 2930 natura
1232 2862 1351 2954 patet.

117 2970 284 3045 Fraudis
301 2974 392 3046 reus
414 2979 454 3046 et
476 2973 674 3047 convictus
698 2980 743 3047 ut
765 2973 950 3072 indignus
968 2973 1017 3047 ab
1034 2971 1211 3065 examine
1227 2971 1351 3069 repel-

115 3085 256 3162 lendus
290 3087 375 3163 erit.
434 3088 532 3163 Suas
562 3089 725 3187 quisque
759 3088 1030 3188 responsiones
1063 3087 1281 3163 conscribat
1314 3095 1354 3162 et

115 3203 277 3303 propria
311 3229 431 3279 manu
465 3204 702 3302 subscriptas
736 3206 928 3305 praefecto
971 3207 1157 3303 deputato
1197 3206 1352 3296 tradat3

115 3345 215 3419 quae
256 3320 526 3419 responsiones
569 3321 862 3395 subscribantur
896 3321 1014 3395 etiam
1059 3347 1083 3395 a
1124 3320 1352 3395 cancellario

115 3460 334 3530 concursus,
358 3436 408 3510 ab
433 3436 772 3530 examinatoribus,
799 3444 837 3512 et
871 3437 921 3512 ab
946 3436 1153 3512 Ordinario
1180 3435 1244 3510 vel
1270 3435 1354 3533 ejus

116 3552 270 3628 vicario.
553 3548 556 3552 '

164 3671 228 3746 49.
263 3664 447 3744 Examini
475 3696 566 3744 voce
592 3672 812 3769 peragendo
839 3677 993 3769 praeter
1019 3655 1257 3767 Episcopum
1286 3676 1354 3743 aut

115 3785 306 3861 vicarium
331 3786 553 3884 generalem
581 3794 659 3861 tres
687 3787 827 3861 saltem
853 3785 1136 3860 examinatores
1167 3784 1353 3860 interesse

116 3905 270 3979 debent.

165 4021 228 4097 50.
270 4019 329 4096 Ut
362 4027 493 4096 autem
536 4021 818 4096 examinatores
852 4020 1010 4095 valeant
1047 4045 1213 4120 aequum
1253 4020 1354 4094 ferre

110 4136 315 4235 judicium,
342 4137 551 4236 diligenter
575 4139 798 4235 expendant
827 4135 1072 4236 singulorum
1100 4135 1282 4235 peritiam
1312 4133 1353 4209 in

117 4253 333 4328 evolvendo
358 4253 662 4351 explicandoque
686 4260 868 4328 oretenus
892 4252 1092 4328 doctrinae
1113 4251 1241 4351 capite
1265 4275 1353 4350 pro·

117 4368 256 4468 posito,
287 4394 435 4444 necnon
469 4369 686 4444 sollertiam
719 4369 1007 4467 infrangendo
1041 4368 1219 4468 parvulis
1252 4391 1354 4466 pane

118 4485 425 4584 praebendoque,
444 4485 585 4585 quibus
608 4511 706 4585 opus
730 4486 793 4579 sit,
814 4485 914 4559 lacte
936 4483 1112 4560 coelestis
1135 4483 1353 4574 doctrinae3

118 4600 263 4675 librent
292 4601 455 4675 sollicite
485 4600 629 4699 scripto
659 4600 889 4700 praesertim
919 4601 1032 4675 datas
1061 4598 1354 4696 responsiones3
