3142 5242
211 464 276 529 296
708 478 956 528 uersunrx.

255 639 308 704 12.
341 634 622 702 (busentientibus
635 635 780 720 testibus,
794 645 828 702 et
840 635 999 724 dirigente
1011 636 1184 724 prudentia
1196 635 1351 719 Consilii,
1364 658 1460 723 repe·

208 750 297 806 tatur
316 740 537 805 testimonium
562 762 669 805 coram
693 750 814 805 rectore
838 741 1048 823 missionario,
1068 740 1127 828 qui
1151 749 1185 806 et
1209 741 1279 827 ipse
1302 750 1405 805 testes
1427 740 1459 804 si

209 842 350 911 vuluerit
364 842 538 931 interroget
551 865 609 930 per
622 842 810 930 praesidem.

256 949 307 1014 13.
340 945 463 1012 Fladem
478 947 600 1014 ratione
613 969 677 1035 qua
690 955 785 1013 testes
798 971 862 1035 pro
875 971 982 1032 ceusu,
996 950 1221 1014 examinentur
1233 958 1332 1014 1&oe
1344 955 1460 1013 onnon

209 1074 347 1119 curuum.
1088 1057 1094 1065 '

255 1158 306 1222 14.
338 1154 474 1222 Collatis
488 1167 567 1223 tune
579 1157 721 1224 consiliis
736 1159 793 1223 fiat
807 1166 957 1243 utsupra
969 1180 1002 1223 n.
1019 1160 1051 1223 9.

255 1262 306 1326 15.
328 1259 428 1342 Quod
439 1260 466 1325 si
481 1269 576 1327 testes
586 1261 692 1327 nolint
704 1271 762 1328 aut
775 1271 935 1349 nequeant
948 1260 1094 1327 Consilio
1103 1262 1257 1343 assistere,
1268 1260 1325 1326 vel
1339 1284 1458 1327 eorum

207 1364 428 1430 testimonium
449 1363 594 1430 nondum
613 1365 691 1431 satis
710 1364 909 1431 lucidentum
928 1365 1094 1452 negotium
1112 1364 1236 1448 reddat,
1249 1363 1317 1430 duo
1337 1366 1458 1430 saltem

208 1490 250 1533 ex
268 1467 414 1535 Consilio
433 1468 636 1556 deputentur,
651 1469 709 1558 qui
729 1479 825 1536 testes
844 1468 1006 1552 adeuntes,
1021 1466 1091 1534 loce
1111 1468 1295 1551 iniiseutes,
1311 1468 1369 1535 vel
1387 1469 1458 1535 alio

208 1594 410 1660 quocumque
435 1572 532 1638 modo
556 1582 710 1660 poterunt
738 1573 847 1638 lumen
871 1571 914 1638 ad
938 1571 1040 1639 dubia
1061 1570 1218 1638 solvenda
1241 1573 1456 1659 requirentes,

207 1675 394 1743 relationem
415 1699 492 1743 suae
513 1677 768 1764 investigationis
788 1676 830 1742 ad
856 1677 1037 1743 Consilium
1057 1675 1214 1758 deferant,
1231 1685 1271 1741 ut
1290 1676 1340 1742 ita
1361 1677 1457 1743 nulls

207 1778 264 1847 via
284 1779 441 1846 intentata
464 1780 667 1869 relinquatur
689 1780 732 1848 ad
754 1803 868 1848 verum
894 1780 1058 1846 moraliter
1081 1789 1169 1845 certo
1192 1779 1457 1866 cognoscendum

207 1892 378 1971 antequam
392 1884 433 1950 ad
448 1885 623 1951 sententiae
635 1885 847 1972 prolationem
861 1883 1060 1951 deveniatur.

253 1990 305 2055 16.
343 1988 464 2054 Omnia
484 1998 554 2055 acta
574 1990 735 2054 ocmaicne
756 1987 868 2054 iudicii
892 1989 928 2054 iu
954 1986 1097 2054 medium
1122 1988 1223 2054 allata
1245 1999 1398 2056 accurate
1419 1990 1455 2054 in

206 2093 296 2158 curin
310 2091 479 2180 episcopali
494 2091 723 2176 custodiantur,
739 2102 777 2157 ut
795 2092 830 2157 in
848 2115 922 2157 easu
936 2091 1162 2179 appellationis
1175 2092 1346 2158 commode
1359 2094 1457 2159 exhi-

207 2194 276 2262 beri
292 2196 430 2263 valeant.

253 2301 304 2366 17.
338 2300 373 2365 Si
389 2323 466 2367 vero
480 2301 654 2388 contingat,
670 2310 707 2367 nt
720 2324 740 2366 a
754 2300 910 2366 sententia
924 2301 959 2366 in
974 2302 1064 2365 curia
1077 2299 1249 2386 episcopali
1264 2299 1399 2386 prolata
1411 2301 1456 2367 ad

207 2402 516 2492 Archiepiseupalem
554 2415 754 2492 provocetur,
784 2404 1054 2491 Metropolitanus
1089 2403 1198 2490 eadem
1231 2403 1390 2469 methodo
1419 2406 1456 2470 in

137 2558 140 2569 .
205 2530 318 2573 causae
331 2507 512 2593 cognitione
526 2518 558 2573 et
571 2508 730 2574 decisione
742 2505 902 2595 procedat„

251 2609 305 2676 Ex
320 2610 451 2677 aedibus
465 2612 624 2697 praefatae
638 2610 671 2678 S.
688 2610 954 2699 congregationis
968 2611 1021 2676 die
1036 2614 1079 2677 20
1094 2609 1174 2675 Iulii
1189 2610 1268 2675 anni
1286 2613 1387 2678 1878.

759 2766 922 2830 Ioaxuss
944 2765 1058 2830 Canu.
1079 2764 1231 2828 Smsom
1254 2764 1454 2849 Pruffeetue.

205 2915 336 2969 Icarium
353 2919 497 2970 Barmsru
516 2920 642 2971 Aeaeam
659 2919 815 2971 Suomarius.

299 3213 526 3287 Rusronsm
552 3213 589 3287 S.
617 3213 976 3288 Cononnoanioms
1002 3235 1056 3287 nn
1082 3213 1207 3288 Pace.
1235 3213 1345 3287 an

385 3349 503 3404 amca
529 3329 843 3402 Couurssmunm
871 3329 1267 3403 Ιιιινιιειιιιιιιιιοιιιε.εει

582 3572 583 3576 ¹
631 3495 703 3580 [ald
720 3519 755 3580 p.
777 3498 849 3577 171,
868 3519 900 3560 u.
921 3495 1012 3581 298]

248 3669 272 3716 1.
303 3649 480 3715 Instructic
494 3647 558 3713 diei
575 3652 616 3714 20
632 3649 712 3713 Iulii
729 3652 812 3715 1878
825 3650 890 3714 luta
904 3659 951 3713 est
965 3648 1005 3713 de
1019 3649 1152 3732 eusibuS,
1164 3650 1199 3713 in
1211 3648 1332 3736 quibus
1345 3653 1452 3719 ecele-

203 3754 326 3819 siastica
343 3777 442 3840 poena
457 3776 512 3817 seu
527 3753 714 3817 consumsit
729 3752 911 3839 infligenda,
927 3757 991 3817 aut'
1000 3753 1095 3839 gravi
1110 3753 1310 3839 disciplinari
1327 3759 1452 3822 eoerei·

203 3857 283 3923 tioni
306 3858 347 3921 sit
371 3857 466 3922 lmus.
513 3856 603 3920 Hinc
617 3855 755 3921 Curreilii
779 3856 872 3921 Pleu.
892 3856 977 3921 Balt.
995 3856 1047 3921 II.
1062 3855 1187 3920 decreta
1204 3879 1236 3921 ιι.
1255 3858 1321 3921 125
1335 3861 1451 3944 quoad
1490 3856 1497 3868 ⁸

203 3972 351 4026 naturum
373 3961 572 4041 missiommr,
588 3984 643 4025 nn.
661 3963 712 4041 77,
730 3963 792 4025 108
808 3960 914 4047 quoad
936 3959 1088 4024 iuridieos
1104 3959 1234 4024 effeetus
1256 3963 1452 4029 remotionis

171 4042 176 4060 ⁸
203 4065 474 4129 missimrariurum
495 4064 536 4128 ab
553 4062 656 4128 ollieiu
675 4064 860 4128 nullatenus
877 4065 1029 4128 innovata
1047 4085 1103 4128 seu
1120 4063 1282 4128 infirmata
1297 4063 1449 4132 fuerunt.

248 4168 397 4255 Episcopi
422 4191 498 4233 vero
520 4178 640 4250 eruent,
657 4190 696 4232 ne
718 4167 892 4232 sacerdotes
906 4168 975 4232 sine
988 4168 1081 4253 gravi
1097 4178 1127 4231 et
1142 4167 1328 4231 rationabili
1349 4192 1451 4235 eausa

202 4272 242 4337 de
257 4295 321 4336 iura
334 4272 375 4336 ad
390 4272 486 4336 ulium
503 4271 684 4336 missionem
707 4271 826 4335 invitus
848 4272 1049 4336 transferant.
1095 4269 1193 4350 Quod
1208 4271 1235 4334 si
1250 4269 1291 4334 de
1305 4271 1452 4338 alieuius

235 4442 304 4493 *Eu
321 4443 404 4494 titulus
418 4442 520 4511 picum:
546 4441 588 4492 Ad
606 4441 687 4492 dubia
705 4441 775 4492 cirea
794 4440 901 4493 modum
920 4440 1079 4492 serrandum
1099 4441 1132 4490 ab
1150 4440 1290 4507 Episcopis
1311 4441 1451 4495 Foedera·

201 4530 289 4576 turum
311 4525 531 4591 septentrionalis
553 4525 692 4576 Amerieae
714 4524 835 4575 Statuam
861 4524 890 4575 iu
915 4523 1100 4590 eognoeeendis
1121 4532 1148 4574 et
1170 4522 1334 4575 definiendis
1357 4528 1450 4579 masis

201 4606 384 4659 criminalibus
401 4618 427 4659 et
445 4607 658 4674 disciplinaribus
676 4607 846 4659 Clerieorum.
