3142 5242
195 451 237 513 10
314 465 497 511 rrruuus
527 464 676 511 11.—nn
706 463 913 511 rnnsours
944 460 1306 508 neonusmsrrors.

193 620 275 696 sive
300 621 417 696 etiam
448 619 656 720 puniend0,
684 625 868 717 paternae
892 615 1092 692 charitatis
1117 614 1265 688 viscera
1293 611 1425 713 potius

193 762 310 837 quam
344 735 514 835 regentis
549 735 818 810 auctoritatem
852 739 893 809 et
924 732 1136 831 imperium
1178 730 1424 829 praeseferat.

193 853 315 951 Saepe
348 852 453 928 enim
488 851 674 927 efficacior
707 857 767 926 est
800 849 1070 925 benevolentia
1107 855 1147 924 et
1179 847 1349 923 charitas
1382 844 1424 920 in

193 969 308 1043 malis
334 968 509 1043 arcendis
539 975 579 1042 et
604 966 787 1041 sanandis
814 992 931 1066 quam
955 965 1193 1063 judiciorum
1219 961 1426 1039 austeritas

193 1093 232 1160 et
248 1085 354 1183 rigor
371 1084 585 1183 potestatis.
637 1083 750 1173 Quod
768 1082 802 1158 si
820 1084 974 1183 quando
992 1083 1043 1156 ad
1059 1106 1203 1179 poenas
1221 1079 1425 1155 devenien-

194 1202 288 1275 dum
314 1199 376 1293 sit,
403 1199 625 1298 posthabita
654 1198 761 1273 omui
785 1197 1018 1298 cogitatione
1045 1197 1218 1272 humana
1243 1195 1427 1294 omnique

192 1316 360 1391 violatae
390 1315 593 1414 dignitatis
623 1339 739 1390 sensu
768 1314 949 1413 seposito,
975 1313 1030 1388 nil
1058 1313 1165 1389 aliud
1194 1311 1269 1387 sibi
1295 1310 1427 1386 animo

193 1434 380 1531 praefigat
414 1432 641 1530 Episcopus,
671 1456 788 1529 quam
823 1437 868 1505 ut
899 1429 955 1505 rei
990 1431 1244 1505 emendentur
1279 1435 1359 1521 aut,
1393 1425 1426 1501 si

192 1547 417 1645 resipiscere
443 1547 580 1638 nolint,
607 1572 741 1621 eorum
772 1572 897 1646 poena
927 1547 976 1621 ab
1005 1545 1271 1644 hujuscemodi
1301 1543 1428 1643 culpis

193 1663 308 1739 ceteri
343 1666 622 1739 deterreantur.
691 1661 763 1761 (of.
799 1663 912 1738 Oonc.
948 1662 1066 1756 Trid,
1100 1663 1199 1739 Sess.
1234 1683 1343 1755 xm,
1379 1662 1428 1736 de

194 1779 279 1854 Ref.
298 1804 329 1855 c.
350 1783 401 1879 1.)

244 1898 304 1972 13.
339 1896 542 1971 Canonicis
572 1896 762 1972 institutis
792 1896 987 1994 sapienter
1015 1895 1196 1971 inductus
1225 1894 1301 1970 fuit
1330 1919 1426 1987 mos,

193 2038 269 2111 quo
300 2012 482 2111 Episcopi
513 2013 625 2088 statis
653 2013 895 2111 temporibus
929 2014 980 2087 ad
1009 2037 1118 2087 sacra
1146 2011 1427 2110 Apostolorum

194 2127 352 2203 Limina
364 2131 559 2221 accedunt,
573 2136 618 2204 ut
630 2129 856 2227 obsequium
870 2135 910 2203 et
922 2127 1181 2203 obedientiam
1199 2152 1312 2203 suam
1326 2127 1427 2202 Pon·

193 2244 286 2318 tifici
311 2250 520 2342 praestent,
546 2244 749 2343 eidemque
773 2244 823 2319 de
847 2243 1035 2343 pastorali
1065 2243 1239 2342 ipsorum
1266 2268 1428 2319 munere

192 2359 384 2435 rationem
400 2361 577 2453 reddant,
595 2362 718 2459 deque
740 2359 987 2435 ecclesiarum
1011 2385 1170 2435 suarum
1188 2367 1295 2436 statu
1309 2368 1427 2436 oeter-

193 2475 302 2575 isque
332 2475 512 2550 omnibus
540 2476 721 2568 referant,
749 2501 849 2575 quae
878 2501 1075 2552 summum
1107 2475 1302 2552 Ecclesiae
1333 2477 1427 2552 Rec-

193 2598 318 2666 torem
347 2591 445 2666 scire
474 2597 737 2690 opportunum
767 2598 807 2667 et
835 2591 932 2667 utile
961 2600 1031 2667 est.
1084 2592 1138 2668 Et
1165 2593 1239 2668 hoc
1268 2592 1427 2693 quidem

195 2707 476 2806 Episcoporum
493 2706 659 2782 officium
677 2709 727 2783 ab
745 2707 1026 2807 antiquissimis
1039 2708 1223 2784 Patribus
1240 2717 1427 2809 tanquam

194 2847 241 2896 ex
269 2822 419 2896 intimis
449 2822 648 2897 Primatus
676 2823 833 2920 juribus
866 2824 1086 2899 derivatum
1120 2827 1426 2918 commendatur,

194 2937 449 3036 laudaturque
466 2938 576 3036 quasi
594 2945 739 3013 tessera
756 2939 918 3014 unitatis
935 2964 979 3014 ac
996 2941 1291 3035 communionis,
1309 2968 1427 3041 quam

194 3079 326 3129 omnes
343 3054 410 3152 qui
429 3062 521 3129 sunt
536 3055 708 3153 undique
724 3055 858 3130 fideles
874 3081 945 3155 per
962 3056 1160 3155 praesules
1177 3083 1268 3133 suos
1285 3058 1428 3134 habere

194 3170 335 3244 debent
350 3195 439 3245 oum
457 3169 628 3244 maxima
650 3178 690 3245 et
712 3171 984 3270 antiquissima
1004 3172 1181 3247 omnium
1200 3173 1374 3250 Ecclesia
1389 3182 1429 3250 et

193 3285 471 3385 gloriosissima
488 3285 534 3363 Β.
553 3285 661 3361 Petri
678 3287 786 3362 Sede.
839 3287 1043 3386 Episcopis
1060 3295 1100 3364 et
1115 3288 1283 3364 Vicariis
1300 3293 1426 3389 Apos-

194 3401 318 3476 tolicis
335 3402 478 3476 nostris
494 3402 691 3478 indultum
717 3403 792 3479 fuit
816 3410 861 3478 ut
885 3402 985 3478 hanc
1009 3429 1207 3480 sacrorum
1226 3405 1427 3482 Liminum

193 3517 454 3592 visitationem
489 3517 594 3593 iutra
628 3519 857 3594 decennium
891 3527 1131 3618 peragerent.
1183 3521 1301 3597 Unde
1334 3548 1426 3598 vero

193 3632 349 3707 initium
374 3633 491 3731 hujus
517 3634 692 3709 decennii
717 3637 1021 3733 computandum
1049 3638 1111 3731 sit,
1138 3639 1237 3713 nulli
1264 3639 1426 3714 dubium

194 3774 277 3824 esse
317 3757 445 3847 potest
487 3749 553 3849 qui
589 3749 909 3849 Congregationis
952 3753 1000 3827 de
1035 3752 1296 3853 Propaganda
1330 3755 1427 3830 Fide

195 3865 470 3940 declarationes
488 3867 560 3940 hac
577 3866 618 3940 in
636 3892 679 3940 re
696 3866 915 3965 perlegerit.
965 3867 1118 3944 Diserte
1135 3869 1240 3945 enim
1258 3872 1426 3966 edicunt,

195 3981 379 4056 decennia
396 3980 452 4055 ita
469 4007 552 4056 esse
569 3983 841 4080 computanda,
861 3991 905 4058 ut
924 3983 1036 4059 initio
1055 3993 1211 4084 sumpto
1228 4012 1253 4061 a
1270 3987 1334 4062 die
1351 4014 1426 4087 quo

194 4095 292 4171 Sinti
317 4096 367 4171 V.
386 4097 619 4172 Constitutio
647 4098 832 4173 Romanus
857 4100 1036 4198 Pontifex
1060 4101 1165 4176 edita
1190 4103 1288 4194 fuit,¹
1313 4104 1425 4178 nimi·

194 4239 282 4287 rum
299 4239 323 4286 a
340 4213 403 4287 die
419 4214 470 4287 20
487 4213 710 4287 Decembris
728 4214 821 4288 anni
840 4216 947 4307 1585,
966 4225 1153 4314 perpetuo
1179 4226 1218 4292 et
1244 4219 1329 4293 sine
1347 4221 1427 4294 ulla

194 4328 476 4426 interruptione
493 4353 564 4427 pro
584 4329 762 4403 omnibus
781 4331 1061 4406 successoribus
1076 4333 1280 4432 Episcopis
1294 4337 1424 4410 decur-

228 4576 315 4630 ¹Vide
326 4596 368 4645 ap.
381 4578 479 4643 Lucidi,
493 4579 533 4629 De
546 4578 705 4630 Visitatione
722 4580 767 4631 SS.
780 4580 856 4645 Lim,
869 4581 921 4632 vol.
935 4595 985 4646 111,
999 4599 1057 4649 pag.
1071 4585 1084 4633 1
1098 4601 1161 4650 sqq,
1173 4584 1236 4635 edit.
1248 4599 1292 4638 111.
