3142 5242
530 478 584 524 ua
614 477 727 525 nono
757 476 1051 525 raoounnuor.
1341 460 1399 521 181

164 633 250 733 ipso
268 635 431 729 elucent,
448 634 625 710 conficiat
649 642 689 709 et
707 633 831 733 judici
848 635 990 726 tradat,
1008 630 1075 732 qui
1098 631 1199 707 illud
1221 655 1400 732 procura·

163 750 241 826 tori
253 750 375 826 fiscali
386 777 503 851 quam
516 750 690 851 primum
702 749 954 826 transmittet.
990 751 1065 847 (aa.
1079 749 1397 846 xx11.,xxx111.)

215 867 444 966 Episcopus,
470 868 642 944 instante
674 873 935 967 procuratore,
965 865 1070 942 diem
1104 890 1176 966 pro
1210 853 1328 940 causa
1359 862 1400 939 in

164 983 272 1059 curia
287 986 542 1084 proponenda
557 983 748 1083 designat.
802 981 923 1073 “Qua
939 982 1003 1058 die
1018 1007 1135 1057 causa
1151 988 1400 1081 proponetur,

164 1100 350 1200 inquisito
367 1102 435 1176 fiet
449 1100 613 1176 facultas
639 1098 904 1176 defensionem
922 1124 1034 1175 suam
1050 1122 1123 1198 per
1138 1097 1261 1174 alium
1278 1122 1400 1173 sacer·

165 1218 295 1293 dotem
329 1242 400 1294 suo
435 1216 593 1293 nominc
625 1216 668 1292 in
702 1215 857 1316 scriptis
891 1213 1135 1291 exhibendi.‘’
1191 1215 1242 1312 (a.
1278 1217 1397 1311 xxx.)

165 1332 272 1409 Reus
306 1331 428 1432 igitur
460 1332 546 1433 ipse
577 1357 802 1433 comparere
835 1357 914 1408 non
947 1338 1114 1427 tenetur,
1148 1333 1217 1408 sed
1251 1337 1399 1431 potest;

165 1450 280 1525 debet
303 1458 435 1526 autem
460 1450 705 1527 defensorem
728 1456 798 1526 aut
821 1447 907 1548 ipse
932 1448 1007 1524 sibi
1033 1450 1232 1547 deputare,
1258 1453 1329 1524 aut
1352 1448 1402 1523 ab

165 1564 358 1664 Episcopo
375 1591 424 1641 ex
440 1566 564 1641 officio
581 1565 829 1665 designatum
849 1563 1033 1663 accipere,
1051 1564 1119 1666 qui
1136 1563 1400 1640 defensionem

165 1688 255 1758 ante
278 1706 417 1758 causae
440 1681 566 1781 ipsius
589 1679 896 1781 propositionem
922 1680 1066 1780 scripto
1091 1679 1289 1757 exhibebit
1312 1705 1400 1779 pro·

163 1798 332 1874 curatori
348 1797 481 1875 fiscali.
537 1801 588 1899 (a.
605 1806 761 1894 xxx11.)

215 1913 448 1991 Defensione
499 1923 667 2014 peracta,
708 1922 937 2015 procurator
977 1940 1200 2015 processum
1242 1913 1402 2014 ejusque

164 2030 423 2107 summarium
448 2034 500 2109 ad
526 2030 766 2131 Episcopum
792 2032 926 2126 mittit,
953 2030 1065 2130 “qui,
1083 2031 1151 2107 ubi
1175 2030 1217 2106 in
1243 2030 1400 2130 plenam

164 2172 302 2223 causae
333 2148 594 2247 cognitionem
628 2148 840 2242 devenerit,
865 2147 970 2223 diem
1003 2147 1222 2242 constituet,
1248 2146 1291 2222 in
1324 2172 1402 2247 qua

164 2263 357 2340 sententia
382 2265 545 2340 dicenda
569 2264 657 2340 sit.'’
714 2265 763 2363 (a.
789 2267 964 2364 xxxm.)
1019 2270 1041 2307 ‘⁴
1054 2262 1296 2339 Praestituta
1325 2261 1401 2357 die,

165 2380 215 2454 ab
240 2379 436 2481 Episcopo
461 2381 525 2456 vel
546 2381 691 2455 vicario
717 2379 903 2479 generali,
924 2386 1128 2479 praesente
1153 2386 1402 2479 procuratore

164 2496 286 2572 fiscali
307 2505 348 2573 et
371 2499 583 2592 defensore,
601 2496 795 2571 sententia
814 2495 1105 2597 pronunciatur,
1124 2496 1285 2594 ejusque
1309 2519 1401 2595 pars

164 2613 396 2711 dispositiva
418 2613 649 2690 cancellario
672 2612 853 2708 dictatur,
871 2637 1053 2713 expressa
1075 2611 1272 2687 mentione
1290 2613 1401 2706 facta,

165 2728 199 2802 si
215 2729 460 2805 damnationi
482 2730 534 2806 sit
557 2731 675 2824 locus,
693 2728 906 2804 sanctionis
928 2727 1134 2803 canonicae
1151 2752 1251 2827 quae
1267 2733 1403 2803 contra

164 2843 404 2943 imputatum
429 2845 685 2945 applicatur.'’
737 2849 788 2940 (a.
806 2847 973 2943 xxx1v.)

214 2961 414 3038 Sententia
429 2987 496 3037 reo
513 2961 717 3037 intimetur
738 2961 817 3060 (vel
838 2962 922 3061 ejus
940 2961 1164 3061 defensori),
1183 2961 1250 3061 qui
1273 2968 1403 3061 potest

164 3078 215 3152 ad
231 3077 501 3153 auctoritatem
515 3077 726 3178 superioris
738 3077 948 3153 instantiae
962 3076 1266 3176 appellationem
1283 3076 1401 3152 inter·
1477 3080 1485 3099 ”

164 3218 320 3292 ponere.
377 3199 427 3295 (a.
446 3197 594 3297 xxxv)

90 3336 94 3342 ·
214 3311 300 3387 316.
336 3312 385 3387 In
407 3336 499 3387 casu
522 3311 796 3411 appellationis
813 3311 946 3387 omnia
970 3318 1147 3410 agantur,
1166 3311 1324 3410 quaein
1342 3337 1402 3391 aa.

164 3448 455 3504 xxxva-XLIV.
489 3428 585 3503 satis
622 3429 725 3504 clare
758 3429 936 3504 exstant.¹
1003 3426 1150 3518 Quodsi
1194 3454 1217 3503 a
1254 3427 1402 3527 judicio

165 3543 294 3619 curiae
310 3543 635 3643 metropolitanae
650 3542 801 3644 primae
818 3543 1028 3620 instantiae
1045 3545 1096 3619 ad
1117 3543 1235 3619 aliam
1253 3548 1402 3619 curiam

166 3660 446 3757 appellandum
480 3660 543 3753 sit,
569 3659 781 3760 appellatio
815 3686 864 3736 ex
897 3659 1055 3759 speciali
1090 3661 1334 3736 concessione
1363 3660 1401 3737 S.

166 3775 276 3851 Sedis
303 3778 365 3875 (ut
388 3777 507 3852 etiam
533 3777 575 3852 in
602 3776 721 3852 instr.
738 3778 777 3851 S.
796 3777 838 3853 C.
856 3801 928 3877 pro
953 3776 1080 3852 causis
1105 3777 1315 3876 matrim.§
1341 3780 1402 3870 26,

166 3892 471 3968 determinatum
501 3896 576 3993 est)
609 3895 676 3970 fiet
705 3895 755 3970 ad
786 3892 1137 3991 Metropolitanum
1163 3893 1402 3970 viciniorem.

120 4018 126 4028 '
217 4007 266 4083 Iu
293 4009 446 4085 casibus
475 4010 606 4086 dubiis
633 4009 874 4108 diversisque
901 4008 943 4084 in
971 4009 1084 4109 praxi
1112 4010 1403 4084 difficultatibus

168 4122 366 4202 Ordinarii
391 4127 429 4202 S.
455 4126 803 4224 congregationem
827 4126 1044 4220 consulant,
1070 4134 1114 4201 ut
1138 4131 1403 4200 contentiones

167 4263 212 4313 ac
238 4241 459 4317 nullitatem
486 4251 660 4317 actorum
686 4243 871 4317 devitent.
935 4250 982 4339 (a.
1001 4248 1139 4340 xum.)

205 4408 308 4460 ¹Coust.
320 4409 419 4460 Bened.
431 4409 509 4460 Xll'.
521 4409 567 4460 Ad
576 4410 705 4460 irritaturus
722 4409 849 4469 Εεοὶεειαε,
862 4409 923 4461 vide
936 4427 969 4474 up
991 4409 1089 4474 Iruculr,
1102 4411 1118 4461 l.
1131 4429 1160 4475 c,
1174 4427 1191 4476 p
1215 4411 1268 4462 118.
