3142 5242
558 490 612 536 nn
641 491 771 536 omru
801 491 1020 538 cornuam.
1344 473 1405 536 261

213 645 293 712 Alia
313 670 354 712 ex
375 669 479 711 rerem
500 647 655 710 adtendis
676 669 736 733 pro
754 646 845 712 varia
865 645 1024 712 absentiae
1043 670 1136 712 <ausa
1157 646 1268 732 colligi
1290 645 1409 710 indicia

168 749 215 816 sic
228 761 391 836 poterunt.

212 853 250 920 Si
264 853 301 919 ob
314 855 456 919 militiam
470 854 623 939 abiman
642 854 723 921 duce
742 854 885 920 militum
900 856 1081 942 requiratur
1094 855 1175 943 quid
1197 854 1237 920 de
1256 878 1293 920 eo
1310 855 1389 919 sciat
1397 880 1406 937 ;

168 966 281 1023 utrum
302 958 399 1024 alicui
420 981 549 1046 pugnae
569 959 769 1042 interfuerit;
795 969 906 1024 utrum
927 959 970 1025 ab
990 958 1137 1025 hostibus
1158 959 1255 1024 fuerit
1277 967 1387 1045 eaptus
1397 984 1406 1040 ;

168 1083 249 1126 num
263 1072 365 1128 castra
378 1062 561 1146 deseruerit,
575 1072 631 1128 aut
645 1063 870 1128 destinationes
884 1063 1076 1151 periculosas
1089 1063 1237 1129 habuerit
1252 1070 1304 1129 cte.

212 1166 250 1233 Si
273 1168 486 1251 mpotartionia
513 1190 612 1232 causo
635 1169 693 1232 iter
716 1169 880 1254 anement
907 1169 1099 1255 inquiratur,
1125 1178 1235 1233 utrum
1265 1176 1408 1255 tempore
1478 1163 1481 1168 ’

168 1269 292 1336 itineris
313 1272 426 1358 gravia
447 1272 587 1358 pericula
608 1272 730 1337 fuerint
750 1271 814 1359 ipsi
830 1271 1009 1359 superanda
1019 1299 1029 1355 ;
1050 1296 1130 1338 num
1144 1273 1233 1338 solus
1246 1272 1407 1358 profectus

168 1374 277 1457 fuerit,
292 1375 345 1440 vel
360 1376 508 1462 pluribus
521 1376 708 1459 eomitatus;
728 1387 839 1441 utrum
855 1377 890 1441 in
904 1377 1065 1463 regionem
1079 1375 1120 1442 ad
1135 1399 1232 1464 quam
1248 1399 1281 1441 se
1295 1385 1407 1441 eontu-

168 1477 210 1543 lit
223 1480 466 1565 supervenerint
479 1480 660 1564 seditiones,
675 1480 770 1564 bella,
785 1481 895 1564 fames,
910 1490 943 1546 et
956 1481 1154 1567 pestilentiae
1168 1488 1220 1546 etc.
1236 1488 1289 1546 ete.

211 1583 249 1650 Si
270 1584 458 1648 ntoritimum
478 1585 536 1648 iter
551 1583 653 1670 suerit
673 1608 836 1669 ayprmara
858 1585 969 1650 sedula
991 1585 1194 1672 investigatio
1220 1585 1276 1650 fiat
1299 1608 1320 1651 a
1342 1608 1407 1672 quo

166 1697 264 1774 portu
286 1687 480 1771 discesserit3
510 1689 643 1775 quinam
664 1689 786 1754 suerint
807 1689 932 1754 itineris
952 1690 1049 1773 socii;
1075 1713 1140 1777 quo
1161 1713 1195 1754 se
1216 1688 1405 1772 contulerit3
1507 1754 1510 1760 ,

167 1793 255 1879 quod
270 1815 387 1858 nomen
401 1794 495 1859 navis
508 1816 606 1880 quam
620 1793 820 1876 conscendit;
843 1795 917 1881 quis
930 1794 1071 1859 eiusdem
1086 1795 1180 1860 navis
1192 1795 1387 1880 gubernator
1395 1818 1405 1876 ;

167 1918 208 1960 an
224 1896 430 1983 naufragium
445 1897 573 1980 fecerit;
595 1921 637 1962 an
652 1898 782 1962 societas
796 1921 878 1984 quae
892 1899 987 1964 navis
1000 1898 1180 1963 cautionem
1194 1898 1303 1962 forsan
1317 1897 1409 1962 dedit

167 2000 308 2087 pretium
322 2001 389 2066 eius
403 2000 537 2067 solverit
544 2028 554 2084 ;
574 2002 717 2089 aliaeque
731 2002 993 2084 circumstantiae,
1008 2003 1036 2066 si
1051 2025 1131 2089 quae
1145 2003 1221 2085 sint,
1236 2001 1408 2088 diligenter

166 2104 418 2191 perpendantur.

211 2214 242 2275 8.
273 2208 377 2273 Fama
398 2234 526 2298 queque
547 2211 620 2276 aliis
642 2209 751 2277 adiuta
776 2210 982 2276 adminiculis
1007 2219 1233 2298 argumentum
1254 2209 1294 2276 de
1316 2210 1407 2275 obitu

165 2313 341 2396 constituit,
370 2313 455 2379 hisce
491 2324 599 2380 tamen
627 2315 875 2400 conditionibus,
903 2316 1081 2381 nimirum:
1116 2315 1205 2402 quod
1233 2337 1254 2380 a
1281 2312 1407 2379 duobus

165 2418 279 2482 saltem
301 2418 434 2483 testibus
456 2418 519 2484 fide
533 2419 649 2505 dignis,
665 2427 697 2484 et
713 2419 827 2484 iuratis
840 2419 1082 2505 comprobetur3
1105 2419 1163 2506 qui
1183 2419 1347 2505 deponant
1366 2417 1407 2483 de

166 2521 350 2587 rationabili
365 2545 459 2587 causa
473 2523 575 2609 ipsius
589 2523 711 2606 faniae3
733 2547 776 2589 an
790 2546 860 2589 eam
874 2523 1050 2610 acceperint
1066 2546 1086 2588 a
1101 2523 1214 2588 maiori
1236 2532 1269 2587 et
1287 2521 1407 2587 saniori

165 2635 256 2712 parte
284 2627 409 2711 populi,
435 2635 533 2692 etan
559 2627 622 2713 ipsi
650 2627 825 2692 decadem
855 2626 941 2691 fama
969 2637 1052 2691 recte
1080 2622 1240 2709 sentiant3
1278 2649 1337 2690 nce
1365 2625 1408 2690 sit

167 2727 304 2794 dubium
332 2730 424 2795 illam
455 2730 553 2796 fuisse
582 2732 771 2796 concitatam
800 2730 841 2796 ab
870 2730 946 2813 illis,
972 2731 1007 2794 in
1033 2752 1171 2818 quorum
1200 2729 1406 2795 commodum

166 2833 355 2920 inquiritur.

210 2941 240 3004 9.
264 2937 420 3023 Tandem,
439 2940 468 3005 si
488 2963 568 3027 opus
588 2940 696 3024 fuerit,
711 2940 939 3027 praetereunda
957 2963 1024 3004 non
1043 2941 1105 3005 erit
1124 2939 1329 3026 investigatio
1349 2962 1407 3027 per

165 3041 312 3128 publices
339 3044 549 3129 ephemerides,
574 3045 659 3109 datis
687 3043 838 3108 directuri
867 3043 1015 3109 omnibus
1044 3044 1225 3108 necessariis
1253 3066 1406 3129 personae

166 3145 303 3228 indiciis,
318 3148 381 3212 nisi
404 3147 446 3213 ob
464 3147 613 3234 speciales
635 3147 887 3213 circumstantias
909 3147 1028 3212 saniori
1048 3170 1086 3212 ac
1106 3147 1406 3238 prudentiori-oon-

165 3250 238 3316 silio
252 3251 282 3315 al
287 3252 347 3315 iter
360 3261 532 3317 censeatur.

211 3357 262 3420 10.
286 3354 378 3420 Haeo
391 3355 499 3421 omnia
513 3379 573 3442 pro
587 3357 825 3443 opportunitate
845 3379 975 3421 casuum
990 3355 1085 3421 Sacra
1100 3355 1177 3420 haec
1192 3355 1406 3442 Congregatio

165 3456 338 3545 diligenter
351 3459 530 3545 expendere
550 3461 651 3543 solct;
672 3483 809 3547 eumque
823 3459 863 3526 de
877 3483 912 3525 re
932 3460 1122 3547 gravissima
1144 3469 1268 3546 agatur,
1284 3461 1407 3525 eunctis

164 3585 266 3650 aequa
289 3563 378 3628 lance
400 3563 534 3647 libratis,
555 3573 651 3651 atque
672 3564 804 3650 insuper
822 3564 942 3629 auditis
963 3563 1107 3650 plurium
1129 3563 1353 3649 theologorum
1374 3572 1406 3629 et

165 3666 244 3732 iuris
259 3668 456 3753 prudentum
470 3668 641 3755 suffragiis,
656 3668 795 3755 denique
809 3691 903 3732 suurn
921 3667 1078 3732 indicium
1092 3667 1292 3753 pronunciat,
1308 3692 1349 3733 an
1364 3666 1406 3732 de

165 3771 222 3835 tali
236 3771 327 3836 obitu
342 3773 419 3837 satis
433 3781 564 3855 constet,
580 3782 612 3837 et
632 3771 716 3835 nihil
739 3772 843 3836 obstet
863 3772 1036 3858 quominus
1050 3771 1171 3857 petenti
1194 3770 1348 3836 transitus
1362 3771 1405 3836 ad

164 3875 242 3940 alias
256 3876 387 3962 nuptias
401 3875 531 3941 concedi
546 3876 657 3963 possit.

209 3985 261 4047 11.
285 3982 341 4046 Ex
362 3981 414 4046 his
436 3982 585 4048 omnibns
606 3981 804 4047 ecclesiastici
826 3979 984 4067 praesides
1006 3989 1123 4046 certam
1145 3980 1309 4046 desumere
1331 4002 1405 4066 pos-

164 4095 239 4151 sunt
258 4109 405 4150 normam
420 4109 517 4173 quarn
538 4086 573 4150 in
593 4085 778 4151 huiusmodi
800 4085 928 4150 iudiciis
942 4094 1125 4171 sequantur.
1171 4084 1270 4165 Quod
1290 4084 1319 4149 si
1338 4107 1404 4149 non

163 4189 363 4255 obstantibus
385 4190 505 4276 regulis
528 4190 694 4277 hueusque
714 4191 833 4254 notatis
854 4211 905 4254 res
926 4188 1034 4254 adhuc
1055 4189 1185 4271 ineerta,
1208 4197 1240 4253 et
1263 4188 1405 4274 implexa

164 4292 230 4358 illis
243 4291 403 4377 videatur,
417 4294 459 4359 ad
480 4293 630 4359 Sanctam
652 4292 766 4358 Sedem
789 4316 947 4358 recurrere
967 4291 1140 4375 debebunt,
1155 4292 1233 4357 actis
1255 4291 1405 4357 omnibus

163 4419 237 4461 eum
252 4398 322 4483 ipso
337 4420 465 4463 recursu
481 4397 685 4480 transmissis,
700 4406 757 4462 aut
770 4396 882 4462 saltem
896 4396 1069 4484 diligenter
1082 4396 1245 4483 expositis.
