3142 5242
227 448 270 511 80
357 462 539 509 munaus
564 463 719 510 v.-1>n
747 420 1028 509 cannrconnri
1057 458 1355 506 sarcasmus.

226 619 407 694 omnibus
432 618 553 718 igitur
576 617 874 693 seminariorum
900 617 1092 714 majorum
1119 640 1252 690 curam
1277 612 1465 713 Episcopi

226 735 333 810 cordi
358 735 538 828 habeant,
556 742 721 834 paterna
746 733 1007 809 sollicitudine
1032 757 1078 807 ea
1103 738 1402 831 prosequantur,
1423 736 1467 806 ut

226 851 328 926 oculi
345 852 540 950 pupillam
557 851 787 927 custodiant.

278 970 362 1044 155.
405 966 532 1043 Valde
566 970 781 1066 optandum
812 967 970 1066 quidem
1000 967 1100 1042 foret
1132 972 1177 1041 ut
1209 966 1261 1040 ad
1291 972 1465 1040 mentem

227 1083 498 1159 sacrosanctae
515 1083 661 1184 Synodi
680 1083 930 1159 Tridentinae
946 1108 1121 1183 quaeque
1141 1079 1328 1157 dioecesis
1348 1105 1465 1156 suum

226 1199 388 1276 baberet
410 1200 675 1276 seminarium.
728 1199 877 1276 Verum
907 1199 949 1275 in
978 1198 1172 1298 praesenti
1198 1222 1332 1273 rerum
1359 1204 1466 1272 statu

227 1317 488 1392 subsidiorum
523 1317 705 1416 angustia
743 1318 1062 1415 sacerdotumque
1100 1314 1286 1414 paucitas,
1322 1314 1464 1414 quibus

227 1434 359 1532 plures
380 1434 572 1509 dioeceses
595 1442 839 1534 premuntur,
857 1432 899 1508 id
922 1431 1018 1508 effici
1040 1458 1117 1507 non
1143 1431 1289 1507 sinunt.
1343 1430 1463 1506 Volu-

226 1574 315 1624 mus
330 1557 463 1625 tamen
481 1557 521 1625 et
537 1549 810 1650 praecipimus,
825 1551 874 1625 de
892 1575 992 1624 novo
1010 1548 1247 1624 inculcantes
1265 1549 1464 1624 decretum

227 1691 251 1741 a
268 1665 545 1743 Decessoribus
563 1667 706 1742 nostris
722 1666 795 1742 hac
812 1668 861 1743 de
877 1692 920 1742 re
933 1666 1082 1742 editum
1104 1664 1194 1768 (No.
1210 1664 1315 1764 174),
1330 1672 1376 1741 ut
1393 1689 1463 1764 pro

226 1783 437 1859 educandis
470 1783 619 1859 clericis
654 1782 887 1883 provinciae,
921 1782 963 1858 in
998 1807 1228 1882 unaquaque
1262 1779 1465 1881 provincia

227 1923 351 1974 unum
374 1900 514 1974 saltem
538 1899 680 1975 existat
703 1900 830 1998 majus
853 1898 1119 1992 seminarium,
1136 1898 1241 1997 quod
1265 1894 1463 1996 Episcopi,

227 2021 344 2113 prout
359 2015 463 2091 inter
475 2041 540 2090 eos
558 2016 792 2109 convenerit,
805 2015 957 2091 collatis
970 2014 1141 2090 consiliis
1158 2021 1198 2090 et
1213 2013 1463 2090 facialtatibus

226 2131 380 2230 erigant
408 2138 477 2207 aut
504 2131 590 2230 jam
620 2140 791 2207 erectum
822 2138 979 2207 servent
1012 2156 1056 2206 ac
1085 2137 1279 2207 tueantur.
1351 2129 1464 2220 Quod

227 2247 481 2323 seminarium
519 2273 595 2348 quo
633 2248 757 2323 tutius
800 2255 1037 2324 sustentetur
1076 2247 1277 2347 magisque
1313 2245 1463 2340 floreat,

225 2365 476 2440 vehementer
502 2390 685 2462 urgemus
709 2372 754 2439 ut
776 2390 910 2440 omnes
934 2363 1156 2464 provinciae
1181 2363 1379 2462 Episcopi,
1396 2361 1465 2463 qui

226 2480 386 2579 propria
403 2505 480 2556 non
499 2480 645 2556 habent
667 2481 887 2574 seminaria,
905 2480 947 2555 in
964 2481 1007 2556 id
1023 2505 1113 2556 suos
1129 2479 1290 2555 mittant
1305 2477 1465 2554 clericos

225 2597 458 2673 educandos.

277 2715 362 2789 156.
397 2713 483 2802 Quo
502 2714 655 2813 aptiora
671 2715 842 2790 evadant
858 2714 1068 2789 seminaria
1085 2715 1136 2789 ad
1152 2721 1330 2789 sanctum
1348 2738 1466 2790 suum

226 2831 509 2929 assequendum
536 2831 665 2923 finem,
692 2829 733 2905 in
760 2831 802 2906 id
832 2856 966 2906 omnes
993 2830 1065 2906 zeli
1092 2855 1231 2905 nervos
1256 2829 1468 2906 intendant

227 2945 422 3044 Episcopi,
449 2954 493 3021 ut
523 2946 563 3021 in
591 2947 729 3022 iisdem
756 2973 802 3022 ea
828 2947 959 3046 vigeat
983 2946 1221 3023 educationis
1247 2946 1362 3041 ratio,
1387 2972 1467 3047 qua

225 3061 353 3136 elerici
370 3062 533 3137 salutari
557 3063 757 3162 solidaque
775 3063 936 3139 scientia
959 3088 1002 3138 ac
1025 3063 1201 3139 doctrina
1222 3062 1466 3157 imbuantur,

225 3185 341 3278 atque
365 3180 416 3253 ad
439 3179 625 3277 pietatem
650 3204 881 3279 omnemque
898 3180 1084 3256 virtutem
1101 3187 1141 3255 et
1163 3178 1467 3256 ecclesiasticum

225 3294 408 3394 spiritum
434 3297 662 3371 formentur.
715 3296 844 3386 Quum
871 3323 963 3373 vero
994 3296 1085 3373 huic
1113 3296 1182 3370 fini
1211 3303 1297 3371 tuto
1330 3320 1465 3373 couse-

225 3413 378 3510 quendo
404 3411 574 3487 maxime
600 3412 708 3487 utilis
739 3413 791 3488 sit
819 3421 924 3488 certa
949 3415 1080 3513 legum
1106 3420 1146 3489 et
1170 3412 1467 3489 institutionum

224 3527 420 3627 ratioque
438 3527 637 3602 seminarii
655 3527 829 3627 regimen
847 3530 1040 3605 stabiliter
1063 3556 1107 3606 ac
1129 3537 1318 3630 perpetuo
1334 3530 1465 3606 firme·

224 3650 300 3734 tur,
312 3646 403 3719 edat
416 3644 449 3717 si
461 3643 638 3741 jamnon
657 3645 833 3737 ediderit,
847 3647 1010 3745 quisque
1027 3646 1244 3745 Episcopus
1262 3644 1466 3745 (Episcopi

225 3754 513 3858 provinciae'in
541 3785 631 3834 casu
658 3760 856 3836 seminarii
882 3762 1148 3860 provincialis)
1173 3761 1376 3837 seminarii
1402 3761 1465 3838 sui

224 3875 519 3950 constitutiones
543 3901 641 3974 quae
666 3876 897 3974 singillatim
921 3878 1162 3978 praecipiant
1187 3878 1283 3977 quid
1306 3878 1465 3971 sentire,

225 3991 319 4090 quid
345 4017 470 4089 agere,
496 3991 639 4090 quidve
665 4001 839 4090 spectare
864 3995 1032 4069 debcant
1055 4003 1140 4070 tum
1165 3993 1305 4087 clerici,
1326 3996 1397 4094 qui
1422 3993 1465 4070 in

225 4133 335 4205 spem
359 4107 543 4182 dioecesis
567 4110 792 4201 educantur,
809 4116 894 4183 tum
918 4112 1181 4185 moderatores
1207 4118 1247 4184 et
1271 4110 1463 4209 magistri,

225 4222 291 4322 qui
314 4223 474 4297 illorum
496 4222 733 4297 institutioni
751 4250 910 4323 operam
933 4225 1178 4324 impendunt.
1235 4227 1329 4324 (cfr.
1348 4227 1463 4301 Conc.

226 4338 341 4414 Prov.
361 4339 578 4413 Ravennat.
597 4364 631 4415 a.
652 4341 776 4439 1855.)
832 4341 975 4416 Sedulo
997 4342 1158 4441 insuper
1174 4349 1284 4417 curet
1307 4350 1353 4417 ut
1374 4368 1462 4417 con·

225 4455 446 4529 stitutiones
470 4454 519 4528 ab
542 4455 723 4529 omnibus
747 4458 797 4530 ad
822 4481 919 4555 quos
942 4457 1140 4556 pertinent
1163 4458 1463 4557 diligentissime

224 4579 439 4645 serventur.
