3142 5242
505 474 728 520 snssronas
756 471 993 521 sensurus.
1306 455 1366 522 lvii

179 631 275 697 Ultor.
306 631 470 698 Confinna
488 631 549 696 hoo
563 630 653 696 Deus
666 631 754 717 quod
768 640 917 718 operatus
936 653 969 695 es
988 629 1024 693 in
1043 629 1145 712 nobis,
1160 639 1208 713 ut,
1223 629 1366 716 qualibet

128 735 367 822 perturbatione
376 736 534 819 submota,
542 735 637 800 eorde
651 757 717 800 uno
727 744 759 800 et
768 735 876 800 anima
889 758 956 799 una
969 733 1068 798 libere
1077 733 1153 798 Tibi
1168 733 1363 802 deserviant!

178 839 267 906 Cant.
290 838 452 905 Omnibus
463 838 611 904 fidelibus
621 838 790 922 defunctis,
802 839 858 925 qui
870 860 928 902 nos
942 837 1176 924 praecesserunt
1189 861 1261 902 eum
1273 840 1365 926 signo
1468 826 1480 847 ⁰

128 942 214 1026 fidei,
229 953 262 1008 et
274 941 440 1007 dormiunt
454 943 615 1008 insomne
629 943 733 1029 paeisl

178 1047 275 1113 Olor.
302 1047 459 1151 Reqpiem
473 1056 633 1111 aeternam
647 1046 732 1111 dona
746 1047 800 1128 eie,
814 1047 964 1129 Domine,
976 1055 1008 1110 et
1022 1046 1080 1109 lux
1096 1058 1247 1132 perpetua
1262 1048 1365 1113 luerat

128 1151 191 1216 eisl

177 1256 266 1321 Cant.
293 1255 363 1321 Nus
377 1278 464 1339 vero,
480 1265 518 1320 ut
525 1257 619 1342 jubet
633 1256 819 1342 Apostolus,
831 1255 1024 1340 Praepositis
1038 1256 1155 1320 nostris
1168 1256 1363 1341 obediamus,

127 1382 302 1446 eorumque
323 1359 482 1425 mandatis
501 1382 678 1446 pareamus,
694 1369 732 1424 ut
744 1382 819 1424 eum
837 1358 955 1445 gaudio
975 1358 1067 1423 nobis
1082 1358 1253 1444 invigilent
1272 1361 1364 1446 quasi

127 1463 283 1528 rationem
297 1486 357 1550 pro
370 1463 538 1528 animabus
553 1464 670 1528 nostris
685 1462 860 1528 reddituri!

177 1567 273 1633 otor.
305 1567 398 1632 Fiatl
422 1566 517 1632 Fiatl
540 1568 666 1632 Amenl
690 1567 816 1633 Arnen!

172 1777 266 1842 Tune
279 1777 363 1842 inter
376 1786 558 1842 resonantes
571 1777 685 1864 organi
699 1786 731 1842 et
750 1776 945 1841 musioorum
959 1799 1052 1841 sonos
1067 1776 1178 1842 Patres
1193 1776 1331 1844 Concilii
1344 1803 1365 1845 a

127 1880 285 1968 Delegato
306 1880 494 1967 Apostolioo
518 1879 714 1966 aecipiebant
739 1878 883 1944 oseulum
908 1880 1005 1965 pacis,
1027 1879 1115 1966 quod
1139 1880 1202 1945 sibi
1224 1881 1363 1949 invieem

126 2007 255 2072 quoque
276 1983 459 2051 reddebant.
518 1984 703 2071 Antequam
724 1983 848 2070 reliqua
869 1993 1095 2070 peragerentur
1116 2007 1198 2071 quae
1219 1984 1364 2052 facienda

126 2098 321 2175 supererant,
335 2088 528 2156 venerabilis
541 2089 594 2155 vir
613 2097 645 2154 et
662 2096 730 2153 tarn
744 2096 845 2153 aetate
858 2110 956 2174 quam
975 2088 1174 2173 promotione
1187 2111 1246 2155 sua
1265 2089 1363 2177 Epis-

126 2202 257 2279 eopatus
271 2192 306 2257 in
321 2193 407 2258 hisee
420 2191 604 2280 regionibus
617 2191 765 2275 demnas,
774 2191 904 2257 Illmus.
919 2199 952 2256 et
966 2191 1081 2258 Rmus.
1096 2192 1363 2280 Arehiepiseopus

126 2295 159 2362 S.
191 2296 363 2380 Ludoviei,
385 2307 472 2362 stans
500 2320 560 2383 pro
588 2296 682 2362 altari
711 2295 857 2361 omnium
883 2295 1012 2360 nomine
1033 2294 1226 2382 Delegatum
1255 2299 1362 2385 Apos-

125 2400 259 2466 tolieum
273 2408 306 2466 et
320 2400 459 2467 Concilii
473 2400 657 2466 Praesidem
676 2423 737 2487 pro
755 2422 882 2465 summa
895 2400 963 2485 ejus
976 2390 1148 2485 prirdeutia
1163 2410 1196 2465 et
1214 2400 1362 2490 benigni-

125 2513 191 2570 tate
211 2528 286 2591 erga
300 2504 412 2570 Patres
432 2504 640 2590 amplissimis
661 2503 811 2569 laudibus
830 2503 957 2586 extulit,
972 2503 1064 2590 eique
1083 2504 1191 2570 omnia
1212 2505 1319 2572 fausta
1331 2517 1362 2573 et

126 2607 232 2674 felicia
252 2623 398 2695 precatus
419 2617 475 2675 est.
523 2607 698 2694 Delegatus
717 2607 933 2694 Apostolieus,
953 2615 1041 2672 stans
1062 2606 1104 2672 ad
1125 2608 1234 2692 altare,
1254 2611 1362 2677 verbis

124 2710 342 2778 disertissimis
370 2722 403 2777 et
431 2713 576 2777 omnium
604 2712 701 2777 eorda
732 2710 1008 2776 eommoventibus
1039 2713 1214 2799 respondit,
1242 2716 1362 2802 gratias

124 2815 249 2903 agendo
264 2815 416 2882 Patribus
430 2839 490 2904 pro
501 2817 587 2883 votis
601 2815 727 2882 oblatis,
772 2814 849 2879 Non
862 2814 925 2879 sibi
939 2813 1142 2881 tribuendam
1156 2839 1222 2882 esse
1236 2818 1361 2884 felicem

124 2920 327 3006 negotiomm
342 2921 562 2985 tractationem
576 2927 609 2985 et
622 2919 756 3002 exitum,
770 2917 827 2983 sed
841 2918 977 2983 Patrum
992 2941 1068 3006 erga
1080 2942 1114 2984 se
1128 2919 1230 2986 bonae
1243 2922 1361 2988 volun-

123 3024 194 3089 tati.
239 3022 433 3107 Multorum,
448 3025 504 3108 ait,
514 3024 742 3110 variorumque
755 3021 845 3087 testis
860 3021 909 3087 fui
923 3022 1131 3088 conciliorum
1146 3033 1213 3089 tam
1227 3026 1361 3112 provin-

124 3127 256 3192 cialium
284 3150 382 3214 quarn
410 3127 637 3215 plenariorum,
659 3127 760 3192 immo
788 3135 826 3191 et'
849 3125 987 3192 Concilii
1016 3125 1239 3212 Oeeumeniei3
1272 3131 1361 3196 testis

124 3231 259 3320 interfui
273 3231 555 3297 deliberationibus
563 3253 651 3319 ,quae
669 3231 705 3295 in
723 3230 861 3296 eomitiis
875 3229 1065 3295 Senatorum
1079 3226 1112 3295 et
1125 3230 1361 3318 Deputatorum

123 3334 211 3421 apud
226 3334 339 3400 urbem
354 3334 564 3422 Reipublicae
576 3335 715 3400 Nostrae
728 3333 905 3421 prinoipem
919 3333 1099 3417 habentur,
1120 3334 1155 3399 in
1170 3337 1361 3422 parliamen-

124 3438 167 3504 tis
187 3437 284 3527 (quae
297 3439 427 3527 vocant)
445 3447 517 3504 turn
536 3438 664 3505 Galliae
681 3448 753 3504 tum
774 3437 914 3524 Angliae
924 3462 934 3520 ;
959 3460 1073 3504 verum
1092 3447 1198 3504 tamen
1219 3440 1360 3507 luculen-

124 3542 208 3609 tiora
226 3543 313 3630 pacis
332 3552 365 3608 et
383 3541 577 3626 eoneordiae,
592 3543 751 3607 fraternae
765 3540 904 3607 earitatis
918 3540 1190 3630 humanitatisque
1204 3545 1360 3632 exempla,

123 3670 223 3734 quarn
244 3647 331 3712 intra
349 3646 462 3712 Patres
481 3646 579 3734 hujus
601 3646 739 3713 Concilii
759 3653 926 3732 conspecta
945 3654 1032 3728 eunt,
1052 3668 1117 3710 non
1131 3647 1211 3714 vidi.
1256 3649 1361 3715 Nulla

124 3750 177 3815 hio
190 3751 302 3817 aeerba
314 3751 485 3836 eontentio,
498 3750 553 3816 sed
567 3751 676 3837 potius
690 3749 838 3815 miranda
850 3749 1007 3836 quaedam
1022 3749 1158 3816 facilitas
1172 3760 1205 3817 et
1218 3754 1359 3838 comitas,

124 3877 190 3942 qua
209 3856 374 3942 pauciores
396 3855 611 3941 plurimorum
634 3854 795 3940 suffragiis
816 3853 918 3920 victos
947 3875 981 3918 se
1009 3852 1167 3920 dedebant
1187 3878 1360 3945 eorumque

124 3959 314 4024 sententiam
335 3958 423 4024 haud
445 3959 542 4026 inviti
563 3957 846 4045 amplectebantur.
899 3956 1055 4022 Diversae
1075 3959 1206 4045 quidem
1228 3960 1360 4027 fuerunt

124 4073 388 4149 congregatorum
417 4063 561 4128 nationes
585 4073 617 4128 et
641 4063 779 4148 linguae,
802 4061 995 4126 multimoda
1022 4062 1224 4148 singulorum
1253 4066 1360 4131 studia

124 4175 219 4253 atque
239 4167 382 4251 consilia,
396 4168 505 4234 variae
526 4189 735 4254 personarum
756 4174 877 4230 mentes
896 4173 929 4229 et
946 4163 1081 4249 indoles,
1096 4174 1131 4231 at
1152 4190 1216 4233 una
1238 4168 1303 4235 fuit
1323 4171 1358 4234 in

124 4270 196 4353 fide,
211 4271 341 4336 mritate
353 4295 391 4336 ae
404 4271 567 4358 proposito
581 4281 689 4336 saneto
703 4270 811 4334 anima
833 4268 969 4334 Patrem
990 4278 1023 4334 et
1043 4292 1098 4334 cor
1119 4293 1231 4337 unum.
1277 4272 1358 4339 Pro-

124 4373 217 4454 feeto,
240 4374 269 4439 si
292 4373 445 4441 Summus
468 4374 633 4458 Pontifex,
653 4376 744 4460 eujus
769 4374 876 4460 imago
895 4373 931 4436 in
955 4372 1031 4438 aula
1055 4372 1193 4439 Concilii
1223 4375 1358 4442 Petrum

124 4477 346 4544 deliberationi
359 4479 451 4566 quasi
465 4477 667 4566 invigilabat,
676 4501 742 4542 non
756 4477 858 4563 speeie
871 4485 997 4541 tantum
1005 4476 1047 4541 ab
1057 4479 1177 4542 artifiee
1191 4479 1357 4565 delineata,

124 4578 179 4645 eod
192 4581 353 4668 ipsissima
366 4605 502 4669 persona
521 4605 668 4670 praesens
681 4581 845 4663 adfuisset,
868 4580 1039 4645 laetissimo
1060 4580 1154 4646 eorde
1174 4583 1358 4651 clamasset:
