3142 5242
212 454 254 516 94
341 464 526 513 TITULUS
549 463 704 512 v.-1›s
731 463 1011 510 cnsmconuit
1041 462 1340 511 anocn‘rlorts.

212 623 430 699 studiorum
448 619 683 696 curriculum
701 617 860 712 emensi,
874 626 914 694 et
930 618 1049 694 etiam
1066 618 1285 694 sacerdotes
1302 616 1444 694 conflu-

210 766 273 816 ere
293 738 453 837 possint,
472 739 521 811 ad
540 735 889 810 eminentissimam
906 734 982 809 sibi
999 736 1305 833 comparandam
1325 735 1446 810 scien·

210 857 317 932 tiam.
370 853 611 951 Hujusmodi
637 851 892 928 seminarium
910 851 1157 927 omnimodae
1169 849 1446 953 jurisdictioni,

211 970 412 1049 directioni
430 982 544 1073 atque
566 970 896 1048 administrationi
916 971 1202 1071 Episcoporum
1219 972 1447 1049 eorumdem

210 1091 390 1166 Statuam
425 1092 643 1189 subjectum
674 1091 760 1180 erit,
792 1089 845 1163 ad
872 1113 970 1187 quos
1003 1088 1194 1188 spectabit
1226 1091 1447 1165 studiorum

209 1208 402 1282 rationem
429 1207 600 1299 definire,
621 1206 728 1303 leges
753 1205 984 1303 disciplinae
1008 1206 1282 1306 praescribere,
1303 1209 1446 1307 profes·

211 1349 317 1399 sores
341 1332 565 1422 ceterosque
590 1322 772 1397 officiales
792 1323 1008 1415 instituere,
1025 1323 1178 1422 aliaque
1194 1322 1331 1399 omnia
1346 1323 1448 1399 ordi·

211 1465 305 1517 nare
346 1465 446 1540 quae
491 1441 543 1515 ad
587 1447 737 1515 rectum
779 1438 980 1514 seminarii
1021 1439 1196 1538 regimen
1237 1440 1447 1538 pertinent.

211 1556 404 1646 Quoniam
439 1558 488 1632 de
517 1556 701 1631 facultate
725 1555 943 1654 theologica
969 1562 1010 1632 et
1039 1554 1311 1655 philosophica
1332 1557 1449 1655 juxta

211 1699 389 1749 normam
407 1672 687 1748 Universitatis
712 1670 935 1748 Catholicae
957 1672 1098 1772 agitur,
1116 1672 1222 1770 leges
1244 1673 1448 1772 regiminis

210 1796 251 1866 et
279 1789 507 1886 disciplinae
541 1813 585 1864 ao
617 1788 782 1864 rationis
811 1790 1044 1882 studiorum,
1074 1797 1285 1889 postquam
1317 1792 1367 1866 dc
1399 1791 1448 1867 iis

210 1906 313 1981 inter
338 1905 659 2004 Archiepiseopos
685 1912 725 1980 et
750 1904 964 2004 Episcopos
990 1905 1248 1982 deliberatum
1274 1907 1362 2001 erit,
1385 1934 1448 1985 ex·

211 2021 331 2098 amini
353 2029 392 2097 et
413 2021 685 2120 approbationi
709 2022 747 2097 S.
768 2020 881 2096 Sedis
906 2022 1169 2120 subjicientur,
1189 2046 1260 2097 nec
1279 2024 1357 2099 nisi
1378 2026 1450 2102 hac

211 2138 492 2239 approbatione
516 2139 676 2213 obtenta
692 2138 868 2236 vigorem
894 2138 1100 2214 habebunt.

262 2257 345 2331 184.
381 2254 466 2343 Quo
491 2279 584 2330 vero
618 2253 732 2330 citius
766 2255 964 2354 tutiusque
997 2262 1176 2353 coeptum
1211 2259 1263 2333 ad
1296 2259 1449 2336 felicem

211 2374 445 2472 perducatur
469 2379 652 2446 eventum
680 2379 796 2470 atque
820 2370 979 2463 exitum,
998 2396 1047 2447 ne
1063 2371 1196 2472 pigeat
1221 2374 1449 2476 Episcopos,

212 2497 257 2564 ut
285 2488 415 2564 verbis
448 2496 607 2563 utamur
641 2487 704 2562 Pii
740 2487 804 2562 IX
838 2513 868 2563 s.
904 2514 968 2582 m,
1002 2488 1199 2564 exhortari
1233 2515 1278 2567 ac
1311 2517 1452 2592 rogare

211 2605 385 2704 egregios
404 2630 563 2678 suarum
580 2603 812 2681 dioecesium
830 2604 1105 2680 ecclesiasticos
1129 2605 1327 2707 laicosque
1343 2610 1451 2687 viros

212 2722 359 2796 divitiis
374 2722 563 2818 pollentes
577 2728 617 2795 et
628 2720 670 2796 in
683 2746 767 2796 rem
781 2721 1019 2795 Catholicam
1033 2722 1231 2819 praeclare
1242 2726 1450 2822 animatae,

212 2845 257 2912 ut
288 2863 403 2912 suum
437 2838 679 2936 aliorumque
713 2839 956 2936 praeclarum
991 2844 1180 2913 sectantes
1210 2843 1450 2940 exemplum,

212 2954 383 3051 aliquam
426 2953 612 3053 pecuniae
646 2954 728 3028 vim
770 2955 1007 3053 perlibenter
1039 2954 1209 3030 tribuere
1243 2957 1370 3033 velint
1408 2961 1451 3036 in

213 3071 406 3145 Ecclesiae
449 3071 548 3146 bono
592 3071 903 3169 populorumque
937 3071 1054 3145 saluti
1088 3078 1169 3146 tam
1205 3073 1301 3148 utile
1337 3101 1451 3175 opus

217 3186 325 3284 (Litt.
361 3189 465 3285 App.
498 3187 549 3262 ad
582 3187 793 3286 Archiepp.
828 3196 868 3262 et
902 3187 1003 3286 Epp.
1031 3186 1132 3286 Imp.
1159 3189 1372 3283 Austriaci‚
1402 3196 1450 3272 17

213 3301 349 3377 Martii
373 3306 498 3401 1856.)

263 3422 347 3494 185.
382 3419 528 3494 Guront
545 3427 675 3494 autem
702 3420 884 3518 Episcopi
912 3429 956 3495 ut
981 3422 1030 3495 ad
1055 3421 1271 3520 Collegium
1292 3426 1450 3502 Ameri-

212 3561 351 3610 canum
372 3536 538 3610 Romae¹
564 3536 627 3610 vel
655 3536 819 3610 Lovanii
837 3536 1016 3629 existens,
1035 3537 1096 3611 vel
1115 3537 1233 3612 etiam
1252 3539 1450 3642 Oenipon·

211 3660 301 3743 tem,
318 3652 497 3725 alumnos
514 3678 605 3726 suos
622 3653 792 3745 mittunt,
807 3654 873 3751 qui
892 3678 986 3751 prae
1002 3652 1139 3728 ceteris
1156 3678 1267 3752 spem
1285 3659 1451 3756 majoris

211 3770 404 3866 profectus
424 3793 516 3865 prae
535 3794 576 3844 se
591 3769 730 3844 ferant.
783 3769 892 3859 Quae
916 3769 1199 3845 commendatio
1218 3796 1297 3847 non
1314 3774 1451 3852 minus

212 3884 328 3958 etiam
364 3909 435 3981 pro
470 3885 600 3959 futuro
634 3892 809 3984 tempore
843 3886 958 3979 valet,
993 3887 1148 3985 quando
1182 3887 1451 3967 Seminarium

212 4000 434 4097 Principale
462 3999 546 4096 jam
577 4001 695 4076 fuerit
719 4002 954 4095 institutum,
981 4027 1069 4077 cum
1099 4001 1172 4077 hoc
1201 4028 1273 4101 pro
1301 4005 1353 4080 iis
1381 4009 1450 4105 qui

212 4116 341 4191 studia
366 4140 437 4189 sua
470 4117 686 4216 theologica
714 4119 799 4216 jam
834 4118 1081 4210 absolverint,
1108 4117 1160 4193 sit
1194 4119 1450 4198 destinatum.

245 4280 332 4333 ¹Vide
344 4281 410 4334 Litt.
422 4283 493 4349 App.
506 4283 540 4334 de
551 4285 649 4336 Canon.
664 4285 749 4336 Ereet.
762 4285 790 4336 in
803 4286 952 4353 zippcudice,
965 4303 990 4352 p.
1001 4285 1060 4338 193.
