3142 5242
473 469 528 515 uu
557 471 698 517 cunno
728 471 1016 519 moncusnrso.
1325 458 1365 521 31

131 624 249 701 tiores
273 650 321 701 ex
342 624 521 701 ordinato
540 625 639 700 sacri
663 625 870 701 ministerii
892 627 1072 703 exercitio
1091 629 1238 704 fructus
1261 628 1365 703 colli·

130 749 325 841 gerentur,
360 740 480 840 “jure
513 741 662 840 optimo
697 742 904 818 distinctae
928 744 1088 820 fuerunt
1111 744 1305 821 dioeceses
1329 751 1369 821 et

130 857 346 955 parochiae,
368 863 409 934 ct
433 856 640 957 unicuique
664 857 775 957 gregi
800 858 951 958 proprii
976 859 1156 935 attributi
1181 868 1367 960 pastores,

130 980 169 1048 et
191 972 420 1049 inferiorum
446 973 693 1050 ecclesiarum
723 982 902 1068 rectores,
927 974 996 1075 qui
1021 1001 1180 1051 suarum
1207 976 1368 1076 quisque

130 1088 263 1164 ovium
287 1114 420 1165 curam
446 1090 651 1183 habeant,”
683 1090 1256 1188 (Conc.Trid.‚Sess.X1V.‚de
1282 1091 1367 1168 Rei.

130 1230 158 1282 c.
175 1207 228 1305 9.)
249 1205 462 1305 ceterisque
488 1206 669 1281 omnibus
688 1207 739 1282 ad
759 1232 887 1282 sacros
913 1207 1069 1283 ordines
1086 1208 1229 1283 evectis
1247 1208 1366 1308 assig-

131 1330 223 1396 nata
241 1347 312 1396 sua
328 1321 414 1397 loca
435 1328 475 1398 et
495 1321 629 1416 officia,
648 1322 704 1397 ita
727 1331 772 1398 ut
794 1349 842 1398 ex
863 1322 1215 1399 innumerabilibus
1239 1324 1367 1400 Eccle·
1401 1421 1405 1429 .

130 1437 210 1514 siae
251 1438 371 1514 sacris
409 1438 601 1513 ministris
635 1464 695 1542 ne⁸
726 1465 827 1514 unus
871 1447 980 1515 extra
1019 1441 1242 1516 ordinatum
1276 1440 1369 1516 cleri

130 1562 280 1630 coetum
308 1555 497 1631 “incertis
514 1555 671 1630 sedibus
694 1556 894 1655 vagetur.’'
952 1556 1081 1654 (ibid,
1105 1557 1206 1633 Sess.
1230 1579 1368 1650 xxm,

130 1696 160 1745 c.
180 1673 255 1771 16.)
312 1671 399 1746 Η66
416 1679 595 1770 praetera
610 1672 687 1747 fine
704 1680 895 1748 statutum
913 1680 982 1767 est,
1001 1680 1048 1748 ut
1070 1673 1303 1772 quicumque
1318 1676 1369 1750 ad

131 1813 240 1863 sacra
252 1786 471 1863 ministeria
487 1787 529 1863 in
548 1787 713 1863 dioecesi
727 1788 906 1864 obeunda
922 1790 972 1864 ab
986 1789 1179 1889 Episcopo
1197 1788 1368 1889 proprio,

129 1904 192 1979 vel
209 1930 298 1980 cum
316 1904 400 2002 ejus
417 1903 574 1979 licentia
591 1905 641 1979 ab
659 1905 796 1998 alieno,
812 1905 894 1981 sive
913 1907 963 1981 ad
979 1905 1141 1981 titulum
1159 1906 1367 1999 missionis,

131 2020 213 2096 sive
237 2022 289 2096 ad
315 2020 438 2095 alium
462 2020 624 2096 titulum
649 2021 891 2116 ordinantur,
910 2048 955 2097 eo
981 2020 1068 2121 ipso
1089 2022 1180 2097 huic
1204 2022 1369 2097 dioecesi

130 2136 316 2235 adscripti
350 2136 441 2211 sint.
503 2135 609 2212 Hinc
642 2143 683 2213 et
716 2137 932 2213 Concilium
967 2137 1213 2213 Provinciale
1246 2137 1369 2213 Balti·

130 2278 309 2329 morense
335 2253 379 2345 I.,
403 2278 441 2329 n.
460 2256 496 2347 2,
514 2253 661 2348 statuit,
679 2260 720 2330 et
745 2253 961 2330 Concilium
989 2254 1217 2329 Plenarium
1244 2253 1368 2329 Baiti-

130 2394 309 2445 morense
326 2369 382 2445 ΙΙ.
400 2369 664 2446 confirmavit:
693 2370 942 2469 “quemlibet
958 2372 1196 2446 sacerdotem
1211 2370 1278 2469 qui
1296 2395 1369 2470 pro

131 2511 373 2585 quacumque
401 2484 518 2584 hujus
547 2485 771 2585 provinciae
805 2486 971 2562 dioecesi
1005 2486 1208 2562 ordinatus
1239 2485 1369 2579 fuerit,

131 2600 255 2677 teneri
280 2599 321 2675 vi
351 2601 622 2700 promissionis
646 2601 689 2677 in
720 2602 965 2678 ordinatione
990 2603 1113 2677 factae
1138 2604 1189 2678 ad
1219 2627 1369 2701 perma-

132 2719 304 2793 nendum
330 2716 373 2792 in
398 2720 533 2793 eadem
557 2717 733 2811 dioecesi,
752 2723 793 2794 ct
815 2719 866 2793 ad
889 2744 930 2794 se
954 2717 1237 2816 subjiciendum
1260 2743 1369 2815 prae·

132 2832 209 2909 suli
242 2858 325 2927 suo,
351 2835 572 2933 usquedum
603 2833 786 2909 canonice
819 2834 1025 2910 dismissus
1058 2833 1212 2909 fuerit.”
1282 2833 1372 2908 Hoc

132 2951 342 3044 decretum,
360 2951 399 3024 S.
418 2949 676 3049 Congregatio
694 2951 743 3026 de
764 2949 1025 3049 Propaganda
1042 2949 1140 3024 Fide
1167 2950 1302 3048 (Instr.
1322 2951 1371 3024 16

133 3065 216 3142 061.
235 3066 362 3164 1830.)
382 3065 433 3141 iis
455 3073 757 3141 consentaneum
778 3065 1001 3158 declaravit,
1019 3091 1120 3165 quae
1137 3065 1371 3141 Benedictus

132 3180 249 3258 XIV.
266 3184 401 3258 eadem
420 3183 468 3257 (16
485 3207 527 3257 16
545 3184 739 3259 docuerat.

181 3299 243 3374 61.
286 3297 374 3373 11116
407 3323 512 3392 vero,
543 3297 573 3374 ii
606 3324 753 3393 omnes,
784 3299 852 3399 qui
886 3299 1001 3374 titulo
1037 3298 1234 3373 missionis
1269 3297 1372 3373 inter

133 3440 263 3490 sacros
279 3414 481 3490 ministros
503 3415 677 3514 cooptari
694 3415 857 3513 cupiunt
880 3415 996 3513 juxta
1011 3415 1197 3514 repetitas
1215 3415 1253 3490 S.
1272 3413 1369 3488 (lon-

133 3530 371 3630 gregationis
409 3531 699 3624 declarationes,
733 3530 845 3629 prius
881 3531 1152 3629 juramentum
1194 3529 1371 3605 emittere

134 3655 327 3741 tenentur,
344 3672 421 3746 quo
446 3648 674 3746 spondeant,
700 3649 806 3746 quod
830 3646 872 3722 in
896 3672 968 3721 sua
994 3645 1159 3722 dioecesi
1184 3652 1371 3746 perpetuo

136 3763 176 3839 in
199 3763 347 3839 divinis
369 3762 692 3838 administrandis
716 3762 888 3838 laborem
913 3787 1028 3837 suum
1046 3769 1086 3836 et
1109 3787 1281 3861 oporam,
1299 3761 1372 3835 sub

136 3880 362 3955 omnimoda
386 3879 595 3955 directione
620 3886 661 3954 et
679 3879 951 3977 jurisdictione
977 3878 1026 3953 R.
1047 3877 1092 3952 P.
1111 3876 1160 3953 D.
1179 3903 1249 3976 pro
1274 3884 1370 3952 tem·

136 4021 230 4094 pore
264 3995 474 4088 Ordinarii,
507 4021 579 4095 pro
614 3996 742 4070 salute
776 3995 997 4070 animarum
1031 3993 1248 4092 impensuri
1281 3994 1371 4069 sint.

141 4113 273 4208 (lustr.
300 4112 337 4186 S.
357 4111 399 4186 O.
417 4113 466 4187 de
492 4112 537 4187 P.
556 4111 613 4205 F,
631 4111 678 4187 17
706 4112 805 4210 Apr.
825 4112 935 4204 1871,
962 4135 999 4185 n.
1026 4111 1091 4208 8.¹)
1146 4109 1274 4203 Unde,
1304 4108 1372 4209 qui

137 4228 210 4302 hoc
225 4228 341 4303 titulo
360 4228 528 4303 ordinati
545 4236 648 4321 sunt,
666 4228 770 4326 quod
795 4227 837 4302 in
864 4227 1007 4301 nostris
1032 4225 1255 4324 regionibus
1271 4250 1371 4299 com·

138 4344 310 4418 munitor
331 4345 387 4437 fit,
410 4351 493 4418 tam
519 4351 624 4418 arcto
647 4342 804 4418 vinculo
829 4368 923 4418 suae
947 4340 1113 4417 dioecesi
1137 4341 1373 4439 obligantur,

139 4465 258 4536 utne
284 4460 334 4535 ab
359 4459 551 4558 Episcopo
578 4459 737 4558 quidem
763 4457 914 4533 absolvi
938 4457 1101 4557 possint,
1119 4458 1188 4532 sed
1212 4459 1374 4531 Sanctae

175 4641 306 4695 1111611
316 4642 467 4712 rmus,
480 4643 569 4710 paor.
