3142 5242
239 470 281 533 88
369 483 554 530 TITULUS
579 483 732 531 v.—1›u
761 482 1039 530 cusmcont'u
1068 481 1365 530 nnucarlons.

238 638 382 716 Leonis
395 639 516 714 XIII.
529 640 682 715 Aeterni
694 638 847 737 Patris.)
894 637 1031 727 Quoad
1044 636 1225 713 materias
1238 638 1473 733 tractandas,

237 754 530 856 quaestionibus
555 753 686 829 minus
707 754 868 829 utilibus
885 763 955 829 aut
971 753 1125 830 omissis
1141 760 1211 829 aut
1225 753 1374 830 levitur
1389 761 1473 830 tan·

236 879 322 947 tum
348 871 540 964 delibatis,
568 870 853 947 accuratissime
885 871 1132 945 tractandum
1156 872 1207 946 de
1230 869 1406 970 reliquis,
1430 894 1474 945 ac

238 987 467 1087 praesertim
494 990 543 1063 de
567 987 617 1062 iis
642 1012 742 1086 quae
766 987 816 1062 ad
842 985 1099 1062 recentiorum
1124 1011 1303 1061 errorum
1329 987 1472 1062 refuta·

237 1103 384 1179 tionem
410 1105 632 1195 conferunt;
660 1103 861 1202 speciatim
878 1128 970 1178 vero
988 1105 1037 1178 de
1052 1102 1251 1201 religionis
1269 1110 1310 1179 et
1324 1102 1472 1179 revela·

236 1219 355 1295 tionis
373 1220 617 1296 Christianae
634 1218 909 1312 fundamentis,
929 1221 977 1295 de
1003 1219 1196 1295 Ecclesiae
1213 1227 1368 1311 natura,
1386 1243 1471 1295 auc·

236 1337 393 1439 toritate
428 1344 467 1412 et
501 1337 614 1431 notis,
646 1338 694 1412 de
729 1336 900 1434 primatu
935 1337 1092 1411 demum
1123 1342 1163 1411 et
1190 1334 1471 1411 infallibilitate

238 1452 407 1528 Romani
426 1453 636 1528 Pontificis.

287 1570 370 1646 170.
416 1569 625 1669 Theologia
668 1569 843 1663 Moralis,
877 1594 998 1669 quum
1033 1576 1179 1668 spectet
1210 1571 1261 1645 ad
1295 1570 1470 1668 regimen

235 1686 469 1779 animarum,
487 1712 586 1785 quae
604 1685 742 1761 merito
760 1711 824 1761 ars
842 1685 985 1762 artium
1007 1687 1223 1784 appelatur,
1241 1711 1320 1761 non
1338 1686 1470 1761 minus

235 1801 443 1900 diligenter
472 1804 665 1878 tradenda
693 1802 778 1895 erit,
807 1808 851 1878 ut
879 1800 1007 1878 clerici
1040 1800 1255 1900 comparati
1288 1803 1389 1877 fiant
1420 1803 1469 1877 ad

234 1919 492 1994 moderandas
534 1917 786 1994 conscientias
820 1918 861 1994 in
895 1918 978 1993 foro
1021 1917 1206 2011 interiori,
1241 1918 1469 2018 animasque

232 2037 446 2132 prudenter
464 2043 503 2111 et
519 2035 720 2110 efficaciter
736 2034 960 2134 dirigendas
976 2032 1019 2111 in
1037 2034 1102 2110 via
1118 2033 1267 2110 salutis.

284 2151 368 2227 171.
404 2151 542 2226 Sacrae
566 2150 789 2250 Scripturas
813 2150 1009 2250 magister,
1032 2150 1248 2250 praemissa
1272 2150 1467 2229 introduc·

231 2267 347 2360 tione,
366 2267 407 2342 in
434 2294 511 2367 qua
536 2268 779 2366 singulorum
805 2266 996 2343 librorum
1013 2267 1249 2343 vindicanda
1264 2268 1469 2344 authentia

230 2391 270 2460 et
305 2384 512 2459 auctoritas
555 2384 737 2459 canonica
778 2383 1062 2484 diligenterque
1104 2385 1317 2461 tradendae
1354 2392 1471 2462 erunt

230 2500 536 2575 hermeneutices
569 2500 738 2599 regulae,
764 2499 806 2575 in
840 2498 883 2575 id
913 2499 1143 2599 praesertim
1172 2499 1317 2576 mentis
1346 2502 1469 2578 aciem

230 2616 378 2715 dirigat
412 2624 456 2690 ut
489 2616 593 2691 hunc
626 2615 867 2692 uberrimum
909 2617 1136 2692 thesaurum
1170 2624 1328 2710 reseret,
1363 2620 1470 2695 unde

231 2758 342 2807 mens
377 2741 417 2807 et
450 2758 514 2807 cor
548 2733 704 2807 haurire
737 2740 884 2832 queant
919 2733 1109 2832 quidquid
1149 2739 1235 2808 tum
1277 2733 1470 2811 fovendae

230 2851 507 2948 augendaeque
524 2848 671 2947 pietati,
688 2855 773 2923 tum
791 2849 971 2924 fidelibus
991 2848 1229 2924 instruendis
1247 2873 1292 2924 ac
1309 2875 1469 2926 moven-

230 2964 302 3055 dis,
321 2973 406 3039 tnm
432 2963 612 3063 religioni
637 2967 804 3039 tuendae
830 2990 874 3039 ac
899 2964 1156 3041 illustrandae
1181 2964 1355 3041 maxime
1373 2966 1471 3043 utile

229 3076 290 3152 sit.
351 3079 478 3173 (Cone.
497 3077 613 3152 Prou
632 3076 833 3176 Burdigal.
853 3104 888 3152 a.
908 3079 1036 3177 1850.)

280 3193 604 3293 Quandoquidem
630 3193 788 3292 linguae
823 3194 1040 3270 Hebraicae
1072 3196 1265 3294 quaedam
1296 3195 1471 3295 cognitio

230 3318 268 3386 et
286 3312 428 3409 peritia
445 3336 524 3384 non
541 3336 681 3408 parum
695 3312 844 3386 confert
856 3312 907 3387 ad
920 3336 1069 3386 sacram
1086 3312 1280 3409 exegesim
1298 3313 1471 3412 pleniori

230 3436 269 3502 et
286 3426 513 3501 accuratiori
530 3427 681 3501 ratione
706 3429 1031 3525 pertractandam,
1049 3427 1140 3503 huic
1157 3427 1316 3526 linguae
1333 3430 1466 3505 addis·

229 3546 372 3618 cendac
399 3569 520 3618 unum
551 3543 690 3618 saltem
725 3569 884 3637 annum,
911 3543 1188 3643 Philosophiae
1221 3552 1470 3642 postremum

229 3667 295 3735 aut
340 3660 572 3758 Theologiae
614 3659 786 3758 primum
829 3659 1055 3759 impendere
1097 3685 1231 3735 omnes
1265 3671 1469 3760 cogantur.

233 3775 359 3873 (Cone.
382 3775 492 3851 Plen.
511 3776 614 3850 Balt.
634 3776 703 3869 11,
721 3775 796 3852 No.
814 3776 916 3875 178.)

280 3894 364 3967 172.
400 3891 600 3967 Historiae
626 3892 916 3968 Ecclesiasticae
940 3895 1135 3992 professor
1159 3894 1201 3969 in
1227 3892 1277 3968 iis
1310 3895 1468 3993 potissi·

228 4032 337 4082 mum
355 4007 640 4101 immorabitur,
658 4008 799 4107 quibus
824 4009 1011 4084 historiae
1027 4009 1173 4084 veritas
1189 4017 1327 4085 contra
1342 4013 1470 4089 falsae

227 4124 411 4199 scientiae
428 4125 631 4199 mendacia
647 4123 866 4198 vindicetur
882 4150 926 4199 ac
943 4123 984 4199 in
1005 4124 1073 4223 jus
1090 4150 1203 4200 suum
1221 4126 1467 4221 restituatur,

227 4242 531 4338 ostendeturque
572 4248 719 4338 quanta
761 4239 942 4315 omnibus
975 4241 1138 4316 saeculis
1171 4240 1213 4315 in
1248 4242 1466 4320 humanam

226 4355 449 4431 societatem
477 4381 524 4430 ex
549 4356 815 4431 ecclesiasticis
850 4355 1040 4432 institutis
1074 4358 1177 4432 bona
1209 4357 1466 4437 dimanarint.

278 4472 326 4546 In
345 4473 370 4545 J
374 4498 442 4547 ure
460 4473 652 4546 Canopico
670 4472 719 4546 iis
736 4473 965 4569 praesertim
986 4475 1277 4567 attendendum,
1296 4500 1398 4575 quae
1415 4479 1467 4553 ad

226 4598 470 4687 praesentem
490 4588 683 4662 Ecclesiae
705 4587 951 4686 disciplinam
970 4597 1156 4688 spectant,
1174 4590 1326 4667 ratione
1343 4593 1465 4690 potis·
