3142 5242
173 448 239 512 242
672 460 919 508 sernum.

171 644 311 708 namque
333 620 408 685 lieet
428 618 481 684 die
499 620 542 685 20
565 618 645 683 Iulii
667 616 871 704 responderet
884 616 1021 685 Viearic
1038 617 1226 705 Apostolico
1248 618 1416 684 cuiusdam

171 724 278 812 Regni
301 724 389 789 Sinis
409 722 593 806 adiacentis,
608 722 821 786 “desiderium
841 721 1060 808 neophytorum
1081 721 1129 786 bis
1148 728 1206 786 aret
1219 728 1265 786 ter
1277 723 1314 786 in
1331 745 1415 786 curro

169 828 309 895 SSmcm.
326 827 559 891 Euclturisticm
579 849 696 890 summe
713 827 875 890 solertium
888 848 992 912 perse
1005 849 1069 890 non
1087 849 1149 890 esse
1166 827 1414 910 urpeutiasimcm

170 956 298 998 caecam
319 933 355 995 in
375 953 452 996 occu
466 931 504 995 de
518 953 578 1018 quo
592 928 731 1015 upz'tur,’'
745 930 828 996 idest
849 930 986 996 iterandi
1008 931 1139 996 missam
1161 930 1256 996 iuxta
1277 930 1413 996 faculta-

169 1046 254 1119 tcm3
287 1046 428 1101 attamen
457 1034 648 1101 subiunxit=
681 1035 775 1118 “seez,
795 1036 936 1122 peirantis
960 1034 1100 1099 munibus
1129 1035 1264 1098 Iocorum
1288 1041 1317 1099 et
1340 1058 1412 1121 per-

168 1163 317 1205 sona-rum
331 1141 577 1223 circumstantiis,
591 1140 825 1226 relinquendum
838 1139 969 1204 arbitrio
983 1140 1027 1205 R.
1043 1139 1085 1204 P.
1102 1139 1147 1205 D.
1172 1138 1293 1204 Vicarii
1307 1139 1428 1226 Apce'

168 1243 284 1311 tolteiss’
329 1245 384 1309 Ex
408 1244 527 1332 quibus
550 1245 683 1327 eruitur,
706 1267 757 1310 eas
780 1266 899 1327 causas,
920 1266 1002 1330 quae
1025 1266 1136 1330 perse
1157 1252 1256 1329 atque
1277 1242 1411 1329 proinde

170 1348 283 1414 multis
297 1349 333 1413 in
347 1349 424 1414 loeis
443 1371 559 1434 graves
579 1371 645 1413 non
658 1356 745 1431 sunt,
759 1370 874 1435 graves
887 1347 1021 1413 evadere
1035 1346 1175 1434 possein
1190 1346 1264 1411 aliis
1279 1346 1410 1412 locisob

168 1453 431 1535 circumstantius,
447 1475 528 1539 quae
542 1475 650 1518 casum
664 1452 928 1518 concomiteutur.

216 1561 266 1623 18.
290 1557 382 1622 Haec
395 1567 471 1621 sunt
485 1556 652 1643 principia,
667 1579 750 1644 quae
764 1579 839 1643 prae
853 1556 954 1621 oeulis
967 1566 1043 1622 sunt
1057 1556 1169 1622 habita
1181 1554 1289 1643 quoad
1311 1555 1409 1621 sacul-

167 1670 267 1727 tatem
283 1661 412 1725 missam
433 1660 581 1745 iterandi,
596 1683 740 1749 quaeque
761 1659 902 1746 profecto
922 1659 958 1724 in
980 1660 1122 1726 eiusdem
1145 1658 1308 1725 facultatis
1321 1682 1409 1725 exer-

167 1765 243 1831 citio
259 1765 448 1830 missionum
463 1763 654 1830 Ordinarios
675 1763 868 1852 tranquillos
888 1764 1021 1830 reddere
1041 1774 1203 1851 poterunt.
1248 1763 1408 1844 Quamvis

167 1880 274 1935 autem
296 1868 434 1955 sapienti
456 1867 703 1933 ordinariorum
730 1868 919 1934 missionum
940 1868 1075 1934 arbitrio
1096 1868 1158 1933 hnc
1178 1868 1213 1932 in
1235 1890 1272 1933 re
1292 1866 1409 1933 deferri

167 1973 277 2056 soleat,
299 1982 440 2038 attamen
464 1995 505 2038 ex
528 1971 681 2037 hactenus
704 1970 798 2037 dietis
820 1983 963 2059 apparet,
984 1981 1107 2060 quanta
1127 1971 1253 2037 cautela
1275 1971 1340 2059 ipsi
1361 1970 1408 2035 uti

167 2077 312 2160 debeant,
328 2100 430 2164 quum
444 2099 569 2162 semper
582 2099 693 2142 eorum
712 2077 903 2141 conscientia
922 2086 1052 2142 onerata
1064 2085 1192 2142 maneat
1210 2076 1247 2141 in
1266 2075 1408 2163 legitimo

167 2181 352 2246 huiusmodi
367 2181 637 2246 extraordinariae
651 2180 813 2245 facultatis
826 2181 987 2247 exercitio.
1032 2179 1258 2246 Nihilominus
1272 2189 1408 2267 repetere

167 2285 237 2350 heic
251 2284 388 2367 iuvabit,
402 2284 490 2372 quod
513 2283 545 2350 S.
562 2283 777 2371 Cougrcgatio
791 2307 875 2351 anuo
892 2288 978 2351 1832
992 2283 1033 2350 ad
1052 2283 1254 2371 Episcopum
1268 2284 1407 2371 Nicopo-

167 2389 305 2455 litanum
338 2389 374 2453 in
404 2387 560 2476 Bulgaria
588 2388 759 2475 rescripsit,
789 2388 946 2454 clausulas
982 2389 1016 2453 in
1047 2388 1212 2454 Formulis
1247 2387 1407 2454 adhibitas

167 2496 189 2530 “
197 2493 410 2577 intellipendas
423 2493 511 2557 bared
524 2514 585 2557 esee
598 2493 634 2556 iu
647 2502 791 2558 extremo
802 2494 913 2577 ripere,
924 2493 1028 2558 tatto
1036 2516 1120 2580 prae
1133 2493 1229 2557 oculis
1237 2493 1406 2580 principio,

167 2597 274 2663 saon
299 2596 509 2683 Apostclabum
534 2597 648 2660 dictam
664 2597 846 2681 sanititatem
870 2598 1029 2662 corteedcrc
1051 2599 1088 2661 iu
1112 2596 1225 2662 benum
1248 2597 1408 2683 spinturulc

160 2701 312 2790 fidelium,
327 2701 486 2784 desiderit),
502 2708 536 2764 ut
550 2724 651 2764 cernes
660 2709 858 2788 pracceptum
880 2702 1108 2765 ecelesiasticam
1130 2702 1299 2787 adimplere
1310 2701 1407 2785 facile

161 2804 314 2894 possint.”

212 2914 264 2976 19.
287 2911 438 2996 Superest
460 2933 546 2975 nunc
567 2911 607 2975 de
626 2911 692 2975 ritu
706 2910 810 2976 dicere
831 2934 885 2975 seu
909 2911 948 2975 de
971 2911 1078 2993 modo,
1093 2933 1157 2997 quo
1179 2909 1290 2975 iterari
1312 2911 1405 2974 missa

166 3016 276 3102 possit.
323 3015 454 3101 Semper
477 3039 497 3080 a
520 3014 553 3080 S.
578 3015 831 3101 Congregatione
854 3016 1062 3080 missionariis
1087 3015 1152 3079 fuit
1176 3016 1404 3100 praescriptum

165 3129 261 3206 atque
282 3119 323 3183 ab
346 3119 415 3205 ipso
437 3119 610 3183 Benedicto
632 3119 752 3201 XIV„
775 3141 858 3200 eum,
881 3119 938 3205 qui
960 3119 1089 3183 missam
1116 3118 1220 3200 itcrat,
1242 3130 1404 3183 consuetas

165 3222 273 3287 calicis
298 3222 476 3287 ablutiones
502 3246 626 3286 sumere
651 3245 716 3286 non
741 3221 854 3287 debere
879 3222 920 3287 cb
947 3222 1113 3305 ieiunium,
1139 3222 1186 3287 ita
1211 3233 1258 3305 ut,
1285 3223 1343 3287 “si
1372 3223 1402 3285 iu

166 3328 272 3413 prima
298 3327 394 3391 missa
419 3336 492 3412 post
517 3327 727 3412 remptionem
753 3326 905 3412 Corporis
930 3336 960 3391 et
990 3325 1162 3412 Saurguinis
1188 3325 1402 3412 profusionem

165 3425 327 3517 acceperit,
353 3453 417 3495 non
441 3430 556 3495 debeat
580 3431 750 3495 secundam
776 3431 906 3495 missam
929 3431 963 3494 in
987 3429 1156 3516 praedietis
1179 3430 1306 3495 ensibus
1327 3429 1402 3495 eele-

167 3533 287 3599 brare''
300 3533 309 3568 ¹
337 3535 370 3599 id
396 3545 452 3617 est,
480 3535 576 3599 etiam
602 3534 636 3599 in
663 3535 702 3599 iis
727 3534 862 3616 casibus,
889 3535 922 3598 in
946 3535 1064 3621 quibus
1087 3533 1229 3620 populus
1253 3533 1402 3598 sacrificio

165 3638 278 3705 dicbus
304 3639 393 3704 festis
418 3662 506 3704 secus
531 3640 722 3726 privaretur.
768 3639 930 3718 Quamvis
954 3649 1061 3704 nutem
1087 3639 1121 3702 in
1142 3638 1270 3703 decreto
1294 3638 1402 3703 Sacrae

166 3743 432 3830 Congregutionis
458 3742 515 3808 SS.
533 3742 670 3807 Rituum
696 3743 731 3807 in
754 3744 928 3807 Eluaitunu
948 3743 1002 3808 die
1025 3746 1065 3809 16
1088 3741 1287 3827 Septembris
1308 3744 1399 3823 1815,

165 3849 395 3935 praescriptum
417 3856 506 3930 esset,
529 3854 566 3911 ut
587 3870 672 3911 unus
692 3856 819 3912 tantum
840 3856 921 3912 esset
941 3848 1037 3930 calix,
1050 3870 1116 3934 quo
1138 3845 1188 3910 uti
1209 3844 1332 3929 debeat,
1347 3845 1399 3932 qui

165 3951 245 4017 duas
267 3951 402 4016 celebret
424 3953 534 4016 missas
545 3977 554 4033 ;
583 3974 685 4038 quum
706 3961 814 4016 tamen
835 3951 991 4016 eiusmodi
1012 3950 1129 4017 decreti
1150 3951 1297 4015 executio
1318 3947 1400 4014 haud

166 4055 293 4121 levibus
322 4054 564 4120 difficultatibus
594 4063 674 4119 esset
702 4054 851 4138 obnoxia,
877 4055 1006 4142 quaudo
1031 4053 1183 4119 celebrari
1212 4054 1341 4119 deberet
1367 4053 1399 4116 in

164 4159 289 4224 duabus
303 4159 440 4225 ecclesiis
461 4159 502 4223 ab
525 4158 664 4225 invicem
685 4158 824 4241 remotiS,
840 4159 926 4223 idem
940 4159 1033 4224 Sacer
1047 4157 1138 4222 Ordo
1153 4159 1188 4222 in
1202 4156 1399 4245 generalibus

165 4264 302 4329 comitiis
331 4263 450 4328 habitis
479 4263 531 4327 die
569 4264 610 4327 12
639 4262 834 4349 Septembris
872 4265 956 4328 1857
986 4285 1047 4349 pro
1075 4260 1294 4326 moderamine
1324 4261 1397 4325 dicti

165 4368 281 4433 decreti
311 4368 492 4454 rescripsit:
528 4390 619 4431 usum
647 4368 780 4431 duorum
808 4368 938 4431 «dicum
964 4367 1000 4431 iu
1028 4388 1104 4431 utcu
1135 4389 1227 4453 posse
1256 4366 1397 4452 pennitti.

165 4470 351 4554 Instructi0‚
366 4495 447 4558 quae
470 4471 538 4536 heic
558 4470 717 4554 adiicitur,
737 4472 822 4535 iussu
846 4470 985 4536 eiusdem
1007 4470 1324 4557 &congregationis
1344 4468 1398 4534 SS.

199 4622 294 4677 ¹Ccne.
303 4625 427 4676 Nemaus.
438 4627 510 4676 1284.
519 4625 590 4691 apud
602 4624 699 4676 Bened.
712 4625 790 4676 xiv.
802 4624 843 4676 De
853 4624 899 4677 SS,
909 4624 1003 4676 Missae
1013 4624 1101 4692 Sacris.
1114 4623 1160 4676 lib,
1170 4623 1224 4676 111.
1233 4640 1291 4691 cap.
1299 4623 1332 4676 V.
1342 4622 1398 4675 nl.
