3142 5242
238 479 280 541 86
369 492 553 538 TITULUS
576 491 729 539 V.-DE
758 490 1035 538 cnuntconuu
1065 488 1361 538 EDUOA'I'IOXB.

236 647 444 724 theoretice
470 655 509 723 et
534 647 679 746 pratice
706 644 921 745 prudentur
946 647 1130 722 imbuere.
1184 647 1244 721 Ex
1269 645 1377 721 hisce
1394 644 1472 722 dis·

236 764 391 863 ciplinis
409 765 544 863 lingua
558 764 680 838 latina
696 764 908 838 tradendae
925 770 1041 839 erunt
1057 764 1196 838 saltem
1214 761 1474 861 Philosophia

236 881 449 972 rationalis,
472 880 682 979 Theologia
709 879 938 979 Dogmatica
963 905 1008 955 ac
1033 880 1198 979 Moralis
1227 886 1268 954 et
1294 878 1369 955 Jus
1400 878 1470 953 Ca·

237 997 431 1073 nonicum.
480 998 527 1072 In
547 995 712 1096 Exegesi
731 995 882 1071 Biblica
899 1021 970 1095 pro
988 1003 1096 1072 textu
1112 996 1342 1096 explicando
1360 994 1471 1072 adhi-

236 1114 372 1190 beatur
406 1114 532 1189 versio
567 1112 739 1212 Vulgata
773 1112 906 1204 latina,
942 1121 986 1188 ut
1019 1113 1089 1188 illa
1122 1112 1271 1188 clericis
1309 1112 1471 1187 omnino

236 1231 440 1306 familiaris
454 1233 605 1319 evadat,
619 1254 737 1329 quam
752 1229 864 1305 Conc.
874 1229 1047 1305 Trident.
1062 1228 1102 1304 in
1116 1229 1283 1329 publicis
1295 1226 1469 1304 lectioni·

235 1348 319 1440 bus,
347 1345 675 1446 disputationibus
708 1353 747 1421 et
774 1345 1123 1444 praedicationibus
1149 1371 1220 1446 pro
1247 1344 1472 1422 authentica

235 1463 454 1539 habendam
474 1488 556 1538 esse
574 1462 712 1537 statuit
728 1468 768 1537 et
784 1461 1006 1538 declaravit.
1059 1462 1208 1538 Eodem
1224 1462 1414 1537 idiomate
1429 1461 1469 1536 iu

235 1579 445 1679 Theologia
463 1577 692 1678 Dogmatica
708 1585 748 1653 et
764 1577 1019 1677 Philosophia
1031 1578 1143 1654 statis
1160 1578 1298 1654 diebus
1316 1577 1468 1654 institu-

234 1703 349 1771 entur
367 1695 662 1795 disputationes.
1326 1776 1333 1796 ι

286 1812 443 1887 illaturo
469 1811 629 1887 consilio
658 1813 910 1911 designentur
934 1838 1005 1911 pro
1031 1812 1197 1912 singulis
1219 1812 1470 1889 facultatibus

234 1929 325 2004 libri
361 1928 582 2021 adhibendi,
610 1929 677 2028 qui
712 1929 877 2005 sanitate
902 1937 942 2004 et
966 1929 1162 2005 soliditate
1194 1929 1468 2023 commendati,

233 2047 508 2145 compendium
539 2046 679 2120 saltem
702 2044 822 2121 totius
839 2045 1066 2144 disciplinae
1082 2044 1306 2122 contineant
1332 2072 1357 2122 a
1380 2070 1469 2146 pro·

234 2162 443 2237 sessoribus
461 2161 643 2260 ampliori
661 2162 932 2260 explanatione
949 2162 1245 2238 collustrandae.
1281 2162 1360 2253 Qui
1377 2162 1470 2239 libri

233 2285 348 2354 erunt
373 2277 564 2376 probandi
591 2279 641 2353 ab
668 2277 860 2377 Episcopo
887 2303 957 2377 pro
984 2278 1191 2354 seminario
1220 2279 1468 2373 dioecesan03

232 2420 304 2492 pro
331 2393 539 2470 seminario
565 2393 795 2493 provinciali
822 2420 913 2469 vero
939 2395 989 2469 ab
1016 2394 1220 2493 Episcopis
1243 2394 1470 2494 provinciae

232 2512 280 2587 de
306 2510 503 2586 communi
528 2535 728 2601 consensu,
747 2518 816 2586 aut
841 2510 980 2587 saltem
1006 2537 1030 2586 a
1054 2510 1318 2610 Metropolita
1385 2512 1469 2588 Eli·

230 2637 374 2726 gantur
399 2653 493 2725 prae
519 2626 607 2701 aliis
633 2626 825 2724 ejusmodi
851 2627 954 2721 libri,
981 2627 1048 2727 qui
1072 2625 1304 2703 recentiores
1331 2654 1469 2728 quaes·

231 2743 355 2818 tiones
383 2743 505 2818 nitide
528 2742 724 2841 explicant
747 2768 973 2843 erroresque
996 2743 1228 2818 novissimos
1250 2744 1468 2822 confutant.

232 2859 362 2934 Libris
387 2859 435 2932 ab
454 2858 647 2956 Episcopo
674 2858 900 2957 approbatis
926 2860 1210 2960 utplurimum
1236 2859 1471 2938 inhaereant

230 2976 477 3074 professores.

281 3091 363 3167 168.
407 3091 473 3166 Ad
507 3092 802 3193 Philosophiam
837 3101 881 3169 ut
914 3095 1053 3193 podem
1086 3094 1312 3188 referamus,
1344 3098 1470 3196 probe

229 3207 361 3282 norint
380 3207 545 3305 juvenes
571 3208 699 3283 clerici
725 3234 808 3284 sese
833 3209 875 3284 in
902 3208 1112 3309 Theologia
1145 3235 1285 3309 parum
1316 3215 1468 3312 proiec-

228 3331 348 3416 tumS,
375 3323 450 3397 nisi
480 3323 619 3399 studiis
649 3325 928 3423 philosophicis
957 3326 1134 3401 sedulam
1162 3351 1207 3401 ac
1234 3327 1468 3407 diuturnam

229 3440 411 3514 navarint
436 3465 607 3538 operam.
660 3440 760 3516 Sane
785 3447 807 3529 .“
819 3449 1030 3540 perpetuus
1047 3450 1087 3516 et
1103 3442 1311 3541 multiplex
1336 3445 1467 3542 philo·

227 3556 386 3654 sophiae
422 3581 514 3631 usus
547 3556 769 3656 requiritur,
802 3563 847 3632 ut
879 3582 988 3632 sacra
1022 3557 1232 3657 Theologia
1266 3567 1466 3657 naturam,

227 3672 404 3747 habitum
448 3673 723 3772 ingeniumque
757 3699 871 3749 verae
912 3674 1093 3760 scientiae
1126 3674 1313 3774 suscipiat
1347 3686 1468 3778 atque
1544 3675 1547 3679 ’

226 3787 399 3863 induat.”
452 3789 603 3888 (Encyl.
619 3789 750 3864 ss'D.
770 3789 817 3864 N.
838 3789 980 3865 Leonis
993 3790 1115 3867 XIII.
1130 3792 1285 3867 Aeterni
1302 3793 1462 3889 Putris.)

227 3903 504 4003 Philosophiae
521 3913 652 3980 autem
670 3905 848 4004 magistri
865 3908 1062 4006 praeclare
1076 3907 1338 4003 meminerint,
1354 3911 1465 3988 omni

226 4020 315 4095 nisu
339 4021 381 4095 id
406 4021 480 4096 sibi
507 4023 829 4115 contendendum,
856 4029 899 4098 ut
933 4023 1079 4098 severis
1114 4023 1278 4122 Logicae
1313 4028 1464 4126 regulis

225 4136 505 4235 discipulorum
540 4145 689 4212 mentes
713 4137 919 4214 flectantur
943 4146 983 4214 et
1007 4148 1239 4234 assuescant,
1265 4150 1386 4241 atque
1410 4146 1464 4220 ad

225 4252 495 4328 disserendum
529 4261 568 4328 et
610 4258 962 4351 argumentandum
1005 4255 1127 4331 latino
1170 4282 1351 4335 sermone
1384 4261 1462 4337 for·

224 4393 375 4468 maque,
398 4377 442 4444 ut
466 4369 588 4467 ajunt,
615 4370 842 4445 scholastica
870 4372 1003 4447 crebro
1031 4383 1304 4468 exerceantur3
1340 4385 1462 4477 utque

224 4484 329 4559 sanis
370 4484 573 4584 principiis
616 4492 656 4560 et
696 4486 929 4581 notionibus,
963 4512 1063 4587 quae
1095 4514 1143 4565 ex
1185 4490 1463 4592 Metaphysica

224 4599 468 4693 hauriuntur,
495 4601 618 4675 solide
652 4601 889 4678 imbuantur.
955 4605 1084 4693 Quum
1119 4630 1212 4681 vero
1245 4631 1461 4705 germanae
