3142 5242
186 957 522 1056 DEORETUM
553 956 1030 1054 REOOGNI'IIONIS
1064 955 1246 1054 OONOI
1288 957 1335 1051 ΙΙ

244 1105 536 1204 PLENARII
561 1106 1041 1203 BALTIMORENSIS
1066 1106 1277 1202 TER'lll.

601 1383 958 1392 ——————-

195 1550 252 1617 Ex
274 1573 340 1638 quo
364 1550 547 1618 Concilium
568 1549 755 1615 Plenarium
777 1548 959 1614 Secundum
981 1548 1212 1616 Baltimoreusc
1233 1548 1378 1614 habitum

144 1654 219 1738 fuit,
235 1655 403 1721 Catholica
418 1654 561 1720 Eoclcsia
574 1654 609 1719 iu
628 1653 812 1720 Foederatis
826 1653 994 1718 Americae
1007 1652 1269 1740 septentrionalis
1283 1652 1381 1718 Stati-

145 1759 206 1824 bus
219 1759 342 1845 majora
354 1759 459 1844 coepit
475 1758 669 1823 incrementa
682 1779 719 1822 ao
731 1756 878 1822 fidelium
899 1778 1051 1821 numerus
1065 1756 1185 1822 mirum
1199 1757 1234 1820 in
1249 1755 1381 1821 modum

144 1862 295 1928 excrevit.
329 1860 445 1926 Plures
455 1858 551 1926 Sedes
563 1860 768 1946 Episcopales
777 1883 815 1925 ac
824 1881 928 1925 novae
942 1860 1131 1925 Provinciae
1146 1859 1383 1926 Ecclesiasticus

144 1976 281 2047 erectae3
301 1974 431 2030 strenua
442 1965 676 2052 Episcoporum
688 1987 784 2051 opera
797 1986 902 2029 sacrae
910 1962 1002 2028 aedes
1014 1964 1203 2047 aedificatae,
1213 1987 1253 2029 cx
1265 1965 1382 2050 quibus
1395 1974 1398 1979 '

144 2068 272 2156 aliquae
284 2067 506 2154 magnitudine
525 2078 557 2134 et
576 2068 745 2155 splendore
758 2091 832 2133 cum
847 2068 1075 2154 insignioribus
1090 2068 1183 2133 facile
1196 2091 1383 2154 comparau-

144 2181 218 2255 tnr3
248 2172 450 2260 plurimaque
475 2172 540 2238 alia
565 2171 711 2259 publicae
735 2171 958 2238 beneficentiae
984 2171 1140 2237 Instituta
1164 2180 1286 2254 exorta,
1310 2179 1382 2237 tum

144 2276 378 2342 aelamitatibus
399 2275 616 2359 sublevandis,
634 2285 705 2341 tum
726 2275 852 2362 inopiae
871 2275 1103 2358 sustentandae,
1123 2284 1195 2341 tum
1216 2274 1321 2341 deviis
1340 2274 1382 2340 ad

145 2390 265 2446 rectum
283 2380 428 2466 justitiae
446 2380 608 2446 tramitem
627 2378 822 2445 reducendis.
869 2379 925 2444 Ad
945 2379 1022 2444 haec
1039 2378 1198 2466 plurimae
1217 2379 1383 2467 religiosae

146 2484 415 2571 Congregatioues
435 2484 553 2571 ubique
566 2482 710 2566 diffusae,
724 2506 806 2570 quae
824 2482 910 2549 clero
927 2483 1080 2548 saeculari
1100 2483 1169 2549 zelo
1182 2483 1278 2549 valde
1296 2505 1383 2548 com-

146 2587 319 2653 mendabili
342 2587 485 2675 praedito
507 2597 540 2653 et
558 2587 667 2653 arduis
687 2587 851 2652 laboribus
871 2587 1021 2669 distento,
1036 2610 1150 2652 manus
1168 2587 1384 2653 auxiliatrioes

146 2715 262 2780 magna
277 2714 350 2757 cum
365 2692 503 2757 utilitate
516 2701 687 2778 praestant.
733 2690 834 2755 Enim
848 2714 927 2757 vero
945 2691 1075 2757 SSmus.
1091 2690 1251 2756 Dominus
1266 2691 1384 2756 Noster

147 2795 215 2861 Leo
228 2794 342 2862 diviua
356 2796 561 2883 providentia
571 2795 640 2860 ΡΡ.
650 2794 763 2861 XIII.
772 2819 838 2881 qua
847 2794 1064 2861 sollicitudine
1076 2795 1227 2860 omuibus
1241 2795 1383 2860 universi

146 2899 233 2965 orbis
254 2900 392 2965 eeclesiis
414 2908 515 2966 novat
538 2922 678 2985 operam,
699 2897 741 2964 ad
767 2898 851 2964 hano
875 2898 1079 2964 lectissimam
1101 2898 1254 2965 dominici
1278 2900 1384 2986 gregis

146 3012 270 3089 panem
290 3003 399 3069 oculos
423 3002 584 3070 convertit
606 3025 644 3068 eo
669 3002 813 3085 consilio,
834 3011 873 3068 ut
894 3002 986 3067 illius
1008 3001 1173 3068 Praesulos
1198 3002 1241 3069 ad
1265 3025 1384 3068 novam

148 3105 331 3172 Pleuariam
353 3105 522 3192 Synodum
544 3105 722 3171 habendam
744 3106 907 3189 invitaret,
923 3106 958 3170 in
977 3129 1052 3193 qua,
1067 3115 1206 3192 spectata
1227 3107 1383 3193 praesenti
1437 3184 1438 3188 Ἰ

148 3209 399 3276 Christianitatis
418 3209 508 3275 illius
526 3210 716 3293 conditione,
731 3209 773 3275 ad
794 3232 844 3274 res
862 3209 1083 3275 ecclesiasticas
1101 3210 1280 3275 ordinatius
1294 3209 1383 3277 evol-

148 3314 267 3380 vendus
287 3335 325 3378 ac
345 3306 498 3400 regendas
518 3324 700 3400 opportuna
720 3313 887 3378 ederentur
906 3312 1038 3379 decreta.
1083 3313 1168 3378 Cum
1190 3314 1298 3400 itaque
1313 3315 1383 3399 jum

147 3419 255 3483 omnia
282 3416 324 3482 ad
353 3417 446 3482 illam
473 3416 694 3482 celebrandam
727 3418 899 3482 neccssaria
925 3440 963 3481 ao
990 3428 1227 3504 peropportuna
1258 3428 1383 3505 praesto

147 3529 250 3586 esseut
281 3543 390 3587 meuse
421 3520 601 3588 Novembri
636 3523 721 3586 1884
750 3520 993 3608 Archiepiscopi
1024 3543 1134 3586 omnes
1165 3531 1198 3586 et
1230 3521 1382 3608 Episcopi

148 3624 357 3690 Baltimoram
389 3633 608 3691 convenerunt
639 3648 677 3690 ao
708 3625 851 3712 praeside
883 3648 924 3690 ex
956 3625 1143 3711 Apostolica
1175 3625 1384 3711 Delegatione

147 3728 240 3794 Rmo.
255 3729 298 3793 D.
311 3729 333 3794 J
334 3728 431 3794 acobo
446 3727 602 3812 Gibbons,
613 3728 863 3815 Archiepiscopo
874 3728 1112 3812 Baltimorensi,
1125 3728 1219 3794 Sacra
1233 3727 1383 3814 Synodus

146 3832 329 3898 solemniter
345 3832 453 3898 habita
467 3831 539 3915 fuit,
555 3844 587 3898 et
605 3832 762 3898 indefesso
777 3832 912 3897 Patrum
933 3833 1040 3898 labore
1058 3833 1297 3919 quamplurima
1311 3843 1382 3898 tum

146 3936 434 4002 adcoclesiasticam
442 3935 644 4022 disciplinam
653 3936 1106 4020 firmandam,tumadabusus
1115 3937 1383 4019 evellendos,tum

146 4040 187 4105 ad
200 4040 371 4106 catholicae
381 4041 562 4128 juventutis
577 4041 646 4107 sive
660 4041 756 4107 laicae
770 4043 839 4108 sivo
852 4042 1006 4107 clericalis
1023 4042 1255 4108 institutionem
1272 4042 1384 4107 foven-

139 4143 230 4228 dam,
246 4155 316 4210 tum
331 4144 373 4210 ad
390 4145 622 4233 Episcoporum
637 4146 821 4212 electionem
834 4169 991 4211 acrarum
1006 4147 1232 4234 temporalium
1245 4147 1384 4212 admini-

128 4248 331 4313 strationem
349 4250 453 4336 magis
472 4250 636 4338 magisque
654 4250 878 4334 ordinandam,
891 4259 961 4316 tum
976 4251 1113 4338 denique
1131 4249 1173 4317 ad
1192 4249 1289 4315 fidem
1308 4273 1384 4316 oon·

145 4353 336 4418 servandam
363 4360 397 4417 et
423 4352 622 4419 dilatandam
643 4353 741 4420 valde
764 4354 860 4421 utilia
879 4356 1061 4438 constituta,
1086 4378 1185 4442 eaque
1209 4355 1318 4421 omnia
1341 4354 1384 4421 ad

146 4454 229 4520 hanc
249 4455 378 4521 Sacram
400 4455 697 4543 Cougregntionem,
714 4466 753 4522 ut
773 4458 841 4544 ejus
861 4458 1003 4523 examini
1023 4457 1262 4544 subjicerentur,
1280 4467 1384 4523 trans-

146 4557 241 4623 missa
262 4568 347 4625 suut
392 4559 510 4648 Itaque
531 4559 618 4627 Emi.
635 4560 747 4628 Patres
764 4560 860 4627 Sacro
875 4562 1019 4630 Consilio
1040 4562 1225 4628 Christiano
1247 4563 1281 4627 N
1283 4562 1384 4627 omini

1204 4689 1252 4733 xv
