3142 5242
168 434 234 498 290
663 452 907 500 arenumx.

210 624 278 673 xx.
307 606 344 672 Si
367 606 547 674 indicentur
567 617 671 693 testes,
685 609 743 697 qui
756 608 798 675 de
811 607 905 674 factis
918 606 973 675 vel
993 607 1242 674 circumstantiis
1254 608 1299 674 ad
1313 609 1406 675 meri·

165 717 237 775 tum
258 733 370 777 causae
389 712 598 778 substantiale
617 713 834 799 spectantibus
847 711 1068 799 interrogandi
1081 721 1197 795 essent,
1211 734 1273 777 nec
1285 714 1406 778 exami-

166 814 237 878 nari
258 815 393 901 possint,
407 813 461 881 vel
482 816 561 904 quia
581 838 648 881 non
669 814 745 882 licet
759 825 817 882 aut
836 813 926 880 decet
938 837 992 880 ecs
1005 815 1104 880 citare
1117 815 1153 879 in
1166 814 1337 899 iudicium,
1351 815 1404 881 vel

166 918 243 1005 quia
263 919 368 1005 rogati
389 919 499 985 adesse
519 929 674 1004 recusent,
688 942 812 985 amasse
835 928 884 985 est
912 919 946 985 id
976 918 1012 983 in
1039 919 1119 984 actis
1146 941 1404 1002 commemorare,

166 1043 340 1108 eorumque
352 1022 532 1090 deficientia
551 1023 722 1112 suppletur
741 1023 932 1089 testimoniis
945 1021 1095 1105 aliorum,
1108 1023 1167 1108 qui
1180 1019 1236 1088 vel
1251 1022 1293 1088 de
1307 1021 1406 1088 relato

167 1124 220 1191 vcl
234 1125 329 1191 aliter
342 1149 410 1191 rem
425 1125 467 1192 de
480 1150 545 1215 qua
558 1127 733 1216 quaeritur,
747 1126 908 1193 noverint

209 1247 290 1297 xxr.
320 1230 390 1298 Ubi
412 1230 447 1296 id
468 1253 564 1297 omne
577 1231 664 1319 quod
677 1231 719 1298 ad
734 1230 903 1298 veritatem
924 1229 1082 1297 factemm
1103 1231 1362 1296 constituendam
1374 1240 1406 1296 et

166 1333 294 1420 culpam
315 1334 452 1400 accusati
480 1335 680 1422 probandam
707 1334 856 1423 pertinet,
877 1334 1062 1401 absolutum
1091 1334 1199 1416 tuerit,
1226 1335 1404 1421 imputatus

166 1437 368 1504 mtimatione
382 1439 501 1526 scripta
514 1438 556 1504 ad
568 1446 704 1504 'examen
719 1448 862 1505 vocatur.

208 1559 303 1607 ml.
335 1542 379 1608 In
402 1543 613 1625 intimatione,
637 1543 700 1608 nisi
725 1540 897 1630 prudentia
919 1543 1033 1627 obstet,
1056 1543 1271 1608 accusationes
1297 1552 1405 1608 contin

165 1666 256 1710 reum
270 1646 409 1732 perlatae
423 1668 481 1733 per
494 1655 663 1711 extensum
677 1646 869 1728 referuntur,
885 1655 922 1710 ut
942 1646 985 1710 ad
1006 1645 1244 1731 responsionem
1265 1669 1301 1710 se
1315 1669 1404 1733 pme·

164 1770 277 1836 parare
291 1751 402 1837 possit.

208 1871 318 1919 xx111.
349 1854 449 1935 Quod
463 1855 492 1920 si
506 1856 549 1921 ob
561 1854 797 1921 accusationum
811 1854 998 1943 qualitatem
1010 1854 1063 1920 vel
1076 1853 1142 1919 alia
1154 1853 1196 1919 de
1209 1877 1306 1920 (ausa
1319 1852 1403 1919 haud

164 1958 323 2045 expoliat,
345 1967 384 2024 ut
405 1959 441 2023 in
462 1958 664 2025 intimatione
684 1958 916 2046 exprimantur,
939 1958 974 2022 in
996 1957 1056 2022 hae
1075 1959 1153 2022 satis
1174 1958 1237 2024 erit
1262 1958 1402 2040 innuere,

165 2062 271 2149 ipsum
285 2061 327 2127 ad
341 2084 476 2127 examen
490 2062 598 2128 vocari
612 2072 649 2127 ut
663 2061 697 2126 in
712 2084 815 2145 eausa,
830 2061 871 2128 de
884 2084 949 2149 qua
962 2070 1073 2126 contra
1086 2082 1160 2125 eum
1175 2061 1213 2126 fit
1227 2061 1402 2148 inquisitio,

164 2188 230 2232 sese
244 2165 404 2232 defendat.

207 2289 315 2336 xxiv.
344 2269 381 2336 Si
401 2268 444 2336 ad
466 2292 600 2336 examen
621 2269 766 2337 accedere
778 2280 909 2354 recuset,
924 2270 1040 2336 iterum
1062 2270 1100 2336 tit
1120 2269 1295 2354 intimatio,
1309 2280 1403 2358 atque

163 2397 198 2438 ιιι
219 2397 256 2439 ea
276 2396 455 2461 congruum
476 2382 602 2460 tempus
623 2375 874 2462 peremptorium
894 2374 1093 2461 praefinitur,
1113 2373 1199 2439 intra
1221 2373 1311 2461 quod
1332 2396 1402 2439 rens

163 2500 268 2544 coram
291 2477 446 2543 tribunali
468 2498 503 2542 se
523 2477 633 2542 sistere
652 2476 774 2559 debeat,
796 2477 890 2565 eique
911 2478 1119 2564 significauu,
1141 2477 1170 2541 si
1193 2498 1260 2542 non
1283 2485 1401 2564 pareat,

163 2591 380 2648 contumacem
401 2603 467 2646 esse
488 2579 716 2646 iudiemdum:
736 2603 835 2668 quam
852 2579 1087 2646 intimationem
1107 2581 1135 2645 si
1158 2579 1247 2646 haud
1268 2580 1402 2667 probate

164 2684 307 2770 legitimo
332 2684 560 2771 impedimento
584 2683 847 2770 transgrediatur,
871 2693 907 2747 ut
932 2692 1105 2749 contumax
1131 2683 1171 2749 de
1196 2683 1281 2749 facto
1306 2683 1401 2749 habe·

163 2789 260 2854 bitur.

206 2911 298 2959 xxv.
329 2893 457 2961 Verum
473 2893 500 2956 si
515 2893 556 2958 ad
578 2916 711 2957 examen
733 2893 867 2975 accedat,
883 2893 1051 2958 audiatur:
1073 2902 1104 2957 et
1125 2892 1182 2957 ubi
1204 2893 1401 2958 inductiones

163 2995 297 3060 alicuius
319 2997 440 3062 valoris
461 2996 618 3078 exhibeat,
641 3019 704 3078 eae,
726 3005 883 3082 quantum
905 2996 973 3060 ficri
999 3006 1111 3081 potest,
1133 3007 1278 3061 accurate
1298 2995 1400 3060 discu-

163 3099 294 3165 tiautur.

207 3221 315 3270 xxvr.
345 3203 432 3268 Dein
446 3203 657 3269 accedendum
672 3204 775 3269 estad
789 3204 1048 3268 contestationem
1062 3203 1171 3267 delicti
1185 3213 1218 3268 et
1231 3226 1400 3292 argumen-

162 3316 279 3389 torum,
291 3330 372 3394 quae
387 3316 541 3393 prostant,
554 3317 591 3371 ut
605 3307 778 3393 inquisitus
792 3315 824 3371 et
838 3306 1008 3393 culpabilis
1022 3306 1175 3371 habeatur
1189 3315 1221 3371 et
1235 3307 1271 3370 in
1286 3330 1400 3394 poenas

163 3411 329 3476 canonicas
343 3411 515 3476 incurrisse
528 3421 701 3476 censeatur.

207 3532 329 3580 xxvn.
375 3513 566 3601 Inquisitus,
582 3514 638 3579 ubi
652 3537 693 3578 ex
707 3515 759 3579 his
778 3515 913 3596 noverit,
929 3538 1011 3601 quae
1028 3515 1062 3578 in
1076 3514 1154 3579 actis
1168 3525 1281 3580 contra
1295 3516 1397 3601 ipsum

164 3617 263 3682 relata
283 3626 370 3700 suut,
384 3616 427 3682 ad
441 3641 479 3682 ea
492 3616 682 3703 respondere
695 3628 808 3704 potest,
822 3641 868 3700 ac,
884 3617 911 3681 si
927 3618 1017 3698 velit,
1032 3626 1140 3681 utetur
1154 3617 1225 3682 iure
1243 3617 1400 3683 defensio-

163 3722 213 3786 nis
227 3744 247 3785 a
261 3744 293 3785 se
307 3720 377 3806 ipso
391 3721 427 3784 iu
441 3722 568 3807 scriptis
582 3722 785 3807 peragendae.

206 3843 344 3891 xxvm.
375 3825 486 3890 Potest
506 3825 613 3907 etiam,
627 3825 656 3889 si
677 3826 826 3911 postulet,
840 3825 994 3909 obtinere,
1009 3836 1047 3890 ut
1064 3826 1221 3890 terminus
1235 3825 1277 3891 ad
1291 3825 1399 3891 defen·

161 3929 283 3995 sionem
302 3930 421 4016 scripto
440 3928 654 3994 exhibendam
673 3931 883 4015 praefigatur:
911 3930 1052 3994 maxime
1070 3928 1097 3993 si
1118 3929 1161 3993 cb
1179 3952 1217 3994 ea
1237 3952 1321 4016 quae
1341 3939 1398 3994 art

162 4052 262 4097 xxm
286 4032 427 4098 indicata
451 4040 536 4114 sunt,
559 4033 797 4118 responsionem
823 4032 865 4097 ad
890 4033 1102 4098 accusationes
1127 4042 1237 4098 eontra
1262 4055 1297 4097 se
1322 4032 1399 4098 latas

163 4161 275 4224 parare
289 4160 355 4203 non
370 4137 519 4222 potuerit.

205 4259 314 4307 xxrx.
347 4240 508 4306 Absolute
528 4263 675 4327 processu
690 4241 833 4306 redactur
846 4251 989 4307 aetorum
1004 4240 1215 4306 summarium
1236 4243 1399 4329 praecipu·

162 4366 255 4408 orum
269 4353 541 4431 argumentorum,
556 4367 638 4430 quae
652 4367 692 4409 ex
707 4344 777 4431 ipso
791 4344 925 4427 elucent,
940 4345 1095 4411 conficiat.

206 4465 298 4513 xxx.
336 4448 413 4528 Qua
431 4446 484 4512 die
502 4469 596 4511 musa
616 4457 823 4533 proponetur,
838 4447 995 4534 inquisito
1015 4448 1070 4512 fiet
1088 4447 1224 4514 facultas
1242 4448 1400 4514 defensio-

162 4572 236 4614 nem
257 4573 347 4615 suam
368 4573 427 4636 per
447 4549 549 4615 alium
570 4550 763 4616 sacerdotem
782 4573 840 4616 suc
860 4553 990 4617 nomine
1011 4551 1045 4616 in
1067 4553 1194 4639 seriptis
1213 4553 1398 4619 exhibendi.
