3142 5242
550 532 604 578 Du
632 532 841 579 aruinum
870 508 1048 580 unicis.'
1343 521 1405 584 165

221 685 277 761 ΙΙ.
312 685 441 762 Sicubi
465 687 681 787 Episcopus
705 689 776 764 hos
799 687 1023 764 auxiliarios
1046 714 1069 763 a
1094 696 1205 764 coetu
1229 690 1403 765 fidelium

168 801 367 901 eligendos
406 829 490 879 esse
531 805 670 879 melius
707 804 953 903 judicaverit,
989 830 1035 880 ex
1073 803 1121 879 iis
1160 805 1403 881 solummodo

169 918 358 1016 seligendi
384 928 486 1014 sunt,
504 946 668 1020 quorum
693 920 853 995 nomina
875 922 925 995 ab
947 922 1033 1020 ipso
1054 929 1200 996 rectore
1223 922 1403 997 ecclesiae

168 1034 314 1109 fuerint
331 1036 382 1111 ad
399 1037 471 1112 hoo
487 1037 697 1135 proposita.

220 1150 299 1227 ΙΙΙ.
351 1151 561 1227 Auxiliarii
595 1179 824 1254 quocunque
861 1157 976 1229 modo
1011 1154 1141 1231 selecti
1177 1156 1401 1249 necessario,

169 1275 377 1373 antequam
412 1294 555 1344 munus
589 1271 812 1369 suscipiant,
847 1272 897 1345 ab
931 1271 1137 1346 Ordinario
1172 1270 1213 1346 in
1248 1271 1403 1369 scriptis

168 1391 260 1459 sunt
303 1385 566 1484 approbandi3
618 1392 778 1461 manent
815 1412 906 1462 vero
950 1387 1000 1461 ad
1043 1396 1181 1462 nutum
1219 1386 1403 1487 Episcopi

168 1501 408 1578 amovibiles

208 1616 291 1693 ·1V.
328 1618 376 1693 In
402 1619 498 1718 ipsis
523 1620 733 1720 seligendis
758 1620 786 1696 ii
812 1628 966 1696 tantum
992 1620 1068 1696 viri
1093 1620 1402 1720 congregationis

167 1761 301 1810 vocem
328 1736 410 1811 sive
441 1736 606 1812 activam
636 1737 719 1812 sive
749 1737 946 1835 passivam
976 1738 1155 1831 habeant,
1183 1737 1250 1838 qui
1280 1762 1402 1813 annos

168 1850 250 1926 nati
279 1877 401 1927 unum
432 1860 472 1928 et
495 1852 653 1952 viginti:
689 1855 725 1927 1.
757 1852 968 1951 Praecepto
999 1851 1180 1928 Paschali
1210 1853 1399 1929 satisfece-

166 1967 268 2061 rint;
312 1971 347 2043 2.
383 1968 515 2045 Unam
549 1970 688 2045 saltem
718 1970 851 2045 sedem
881 1968 924 2044 in
954 1969 1114 2045 ecclesia
1143 1970 1303 2069 propria
1332 1994 1402 2068 per

166 2110 315 2160 annum
343 2086 519 2183 elapsum
545 2086 800 2161 conduxerint
824 2086 983 2184 ejusque
1005 2085 1176 2184 pretium
1201 2085 1400 2177 solverint,

167 2209 236 2277 aut
268 2202 345 2276 alio
379 2201 509 2278 debito
544 2203 671 2297 modo,
699 2201 815 2302 juxta
852 2201 1029 2276 ordinem
1062 2201 1316 2277 constitutum
1351 2203 1402 2276 ad

166 2317 488 2393 sustentationem
539 2317 719 2394 ecclesiae
768 2317 951 2418 propriae
1001 2317 1304 2413 contribuerint3
1364 2321 1399 2394 3.

167 2433 324 2511 Prolem
359 2460 470 2511 suam
500 2435 780 2510 instituendam
811 2433 952 2509 scholis
987 2434 1196 2510 Catholicis
1225 2435 1399 2510 commit·

165 2558 248 2626 tere
272 2551 434 2626 minime
458 2550 708 2649 neglexerint,
727 2551 842 2650 juxta
865 2576 1042 2625 normam
1061 2551 1135 2625 Tit.
1154 2573 1223 2645 v1.,
1241 2577 1272 2626 c.
1292 2574 1321 2627 1.
1340 2554 1359 2648 ξ
1379 2553 1399 2626 1

165 2675 375 2762 statutam;
405 2669 440 2744 4.
468 2665 580 2742 Nulli
600 2666 774 2742 societati
791 2674 959 2742 secretae
976 2668 1040 2741 vel
1061 2667 1159 2742 alias
1182 2667 1401 2766 prohibitae

166 2784 353 2882 adscripti
370 2785 460 2860 sint,

216 2899 266 2977 V.
301 2901 440 2976 Coetus
466 2902 709 2977 aedituorum
732 2900 1068 3000 (consiliariorum,
1086 2901 1395 3001 auxiliariorum)

165 3018 220 3092 sic
238 3016 437 3093 constituti
460 3019 603 3114 (Board
620 3019 671 3117 of
684 3018 857 3111 Trcatees,
879 3018 1116 3112 Councilmen,
1133 3019 1232 3116 etc),
1249 3017 1398 3092 missio·

166 3135 228 3208 nis
244 3142 370 3209 rector
394 3160 442 3209 ex
467 3134 588 3209 officio
605 3159 676 3208 suo
694 3133 770 3208 erit
785 3158 952 3232 praeses,
969 3133 1054 3208 sine
1079 3134 1189 3231 cujus
1212 3158 1401 3209 consensu

165 3250 265 3325 nihil
283 3250 324 3325 in
341 3258 452 3326 coetu
469 3252 663 3349 agendum
681 3248 744 3323 vel
761 3251 1011 3324 statuendum
1029 3258 1098 3325 est.
1466 3243 1468 3246 ⁵

215 3366 288 3442 VI.
323 3367 363 3442 Si
391 3393 468 3467 qua
495 3366 576 3442 ullo
602 3374 777 3465 tempore
803 3365 1063 3463 discrepantia
1087 3374 1277 3442 rectorem
1297 3366 1400 3444 inter

164 3492 205 3561 et
232 3484 407 3560 aedituos
424 3485 487 3559 vel
513 3482 752 3558 consiliarios
779 3484 828 3557 de
852 3483 968 3557 rebus
988 3482 1169 3581 gerendis
1192 3484 1398 3577 exoriatur,

165 3626 236 3677 nec
256 3600 536 3676 dissensionem
557 3600 712 3697 pacifice
731 3624 963 3697 componere
982 3598 1059 3696 ipsi
1080 3623 1151 3697 per
1172 3625 1214 3673 se
1231 3600 1397 3693 valeant,

164 3716 427 3793 controversia
455 3718 506 3791 ad
542 3715 778 3814 Episcopum
808 3716 1009 3807 referatur,
1040 3715 1149 3813 cujus
1178 3715 1327 3813 judicio
1355 3742 1398 3791 ac

164 3834 378 3909 sententiae
403 3858 537 3907 omnes
563 3832 766 3931 parebunt.
824 3831 952 3930 (Conc.
976 3831 1085 3905 Plon.
1111 3831 1215 3906 Balt.
1236 3832 1304 3924 IL,
1323 3831 1361 3906 N
1364 3859 1397 3908 o.

162 3953 251 4045 201,
269 3953 340 4050 6⁰.)

214 4068 395 4143 Ceterum
413 4093 511 4168 quae
536 4066 578 4142 in
605 4064 775 4141 Concilio
794 4066 975 4141 Plenario
998 4065 1189 4162 superiori
1215 4065 1256 4140 in
1283 4066 1397 4140 titulo

163 4192 302 4284 quarto
327 4184 428 4258 circa
453 4182 627 4259 aedituos
643 4182 1013 4281 promulgatasunt,
1033 4183 1081 4255 de
1107 4206 1207 4255 novo
1225 4182 1397 4280 promul·
1479 4226 1481 4232 .

162 4325 302 4399 gamus
328 4306 367 4373 et
392 4299 676 4373 confirmamus.
826 4285 830 4298 ⁶

608 4559 962 4583 -n—l—.—
