3142 5242
169 409 232 472 172
298 426 481 473 rrrunus
506 426 661 475 x.—1>n
686 424 879 473 sumens
908 422 1275 472 nccnusrasrrers.

216 579 407 675 Officiales
441 582 569 658 curiae
603 580 792 657 ordinarii
825 588 867 655 et
899 575 1102 654 necessarii
1137 584 1235 653 sunt
1262 578 1393 671 ludex,

166 695 400 774 Procurator
425 698 600 790 Eiscalis,
619 699 819 791 Defensor,
837 695 1111 771 cancellarius.
1165 693 1246 770 His
1270 702 1393 770 autem

166 814 382 913 Episcopus
411 840 483 913 pro
518 840 649 890 rerum
685 813 910 889 necessitate
942 813 1085 887 addere
1116 818 1252 911 potest
1278 810 1393 887 Audi·

164 937 288 1005 torem
332 931 410 1029 (vel
456 932 645 1005 Actorum
696 930 964 1025 Redactorem)
1010 953 1082 1027 pro
1124 927 1393 1026 compilatione

165 1070 365 1144 processus
403 1073 473 1123 scu
510 1072 582 1146 pro
625 1071 808 1146 processu
848 1044 1100 1120 informative
1139 1044 1390 1135 conficienda

165 1161 372 1238 Notarium
394 1163 598 1262 (notarios)
619 1187 688 1238 seu
711 1161 943 1236 Actuarium
968 1185 1039 1259 pro
1064 1159 1217 1235 actibus
1236 1158 1392 1235 conscri-

164 1278 321 1371 bendis3
347 1278 590 1377 apparitores
612 1304 684 1379 pro
708 1276 1020 1354 intimationibus
1041 1275 1106 1351 vel
1129 1273 1392 1351 notificationi-

163 1395 236 1469 bus
252 1394 449 1470 faciendis.
497 1398 556 1492 '(a.
575 1398 679 1495 xm.)

213 1511 299 1588 300.
342 1511 471 1587 Judex
505 1537 583 1587 non
617 1512 718 1588 alius
752 1520 812 1588 est
845 1511 919 1587 nisi
955 1510 1199 1601 Ordinarius,
1229 1510 1294 1585 cui
1327 1507 1391 1584 soli

162 1626 349 1725 competit
373 1627 414 1703 in
439 1635 523 1704 tota
548 1629 713 1704 dioecesi
731 1628 954 1728 jurisdictio
975 1626 1051 1702 furi
1073 1626 1237 1719 externi,
1257 1626 1393 1726 quique

163 1768 238 1841 pro
257 1768 329 1818 suo
352 1744 541 1843 pastorali
565 1748 726 1819 m'unerc
747 1752 903 1819 tenetur
925 1741 1173 1840 disciplinam
1190 1741 1391 1840 correptio·

164 1884 330 1957 nemque
352 1861 580 1935 clericorum
603 1859 661 1935 ita
683 1859 891 1958 diligenter
907 1883 1053 1951 curare,
1072 1864 1117 1933 ut
1138 1858 1243 1933 circa
1264 1881 1392 1933 eorum

163 2000 296 2050 mores
322 1976 477 2051 assidue
502 1977 650 2073 vigilet,
677 2002 721 2051 ac
749 1975 922 2050 remedia
955 2000 980 2048 a
1008 1973 1225 2048 canonibus
1253 1980 1393 2048 statuta

162 2090 245 2166 sive
270 2091 547 2191 praecavendis
567 2091 651 2166 sive
671 2091 856 2167 tollendis
880 2091 1065 2166 abusibus
1091 2089 1133 2165 in
1159 2090 1312 2165 clerum
1329 2088 1392 2164 ali·

163 2209 319 2305 quando
344 2205 605 2305 irrepentibus
632 2208 796 2306 provide
820 2206 1014 2282 adhibeat.
1069 2209 1120 2306 (a.
1146 2209 1191 2306 1.)
1250 2207 1392 2305 Itaque,

163 2321 196 2398 si
225 2348 325 2421 quae
355 2322 398 2397 in
424 2325 527 2398 clero
557 2325 786 2421 corrigenda
811 2322 1011 2420 comperit,
1041 2323 1262 2421 Episcopus
1291 2321 1393 2422 prius

162 2438 332 2541 quidem,
350 2439 392 2513 in
418 2449 608 2538 quantum
633 2438 690 2514 rei
718 2448 858 2514 natura
882 2464 926 2513 ac
945 2439 1119 2537 gravitas
1142 2438 1261 2532 sinat,
1277 2436 1394 2538 patris

161 2564 293 2653 partes
326 2563 428 2653 agat,
459 2581 504 2630 ac
540 2556 714 2630 remedia
747 2554 1001 2654 praeventiva
1037 2556 1088 2630 ad
1125 2556 1394 2631 scandalorum

162 2671 341 2746 stimulos
359 2674 607 2764 amovendos,
626 2671 869 2746 voluntarias
885 2670 1103 2746 occasiones
1128 2677 1169 2746 et
1194 2696 1332 2746 causas
1347 2669 1394 2745 ad

161 2787 469 2885 delinquendum
486 2787 684 2887 proximas
702 2788 882 2862 vitandas
900 2788 1093 2862 adhibeat.
1137 2787 1180 2862 Si
1193 2813 1289 2862 vero
1305 2788 1395 2862 haec

160 2903 333 2977 remedia
347 2929 424 2977 non
444 2905 656 3001 proficiant,
672 2904 734 2977 vel
752 2904 866 2977 aliter
883 2902 982 2976 sacri
1000 2928 1166 2978 canones
1185 2905 1393 3002 requirant,

161 3019 378 3117 Episcopus
399 3020 544 3116 judicis
571 3045 790 3117 personam,
816 3019 899 3093 sive
926 3044 997 3117 per
1023 3044 1065 3094 sc
1094 3018 1179 3094 sive
1208 3027 1394 3118 potestate

162 3136 339 3233 delegata
356 3161 425 3234 per
443 3136 576 3225 aliurn,
596 3161 709 3232 agere
727 3136 842 3210 debet
864 3160 907 3209 ac
931 3134 1096 3209 summis
1114 3134 1266 3209 viribus
1283 3133 1394 3210 inniti

162 3265 206 3324 ut
222 3252 366 3325 veritas
383 3251 451 3342 rei,
470 3251 495 3327 i.
514 3277 546 3326 e.
566 3258 634 3325 aut
651 3250 870 3325 innocentia
888 3259 956 3325 aut
978 3252 1093 3349 culpa
1110 3250 1281 3327 accusati
1297 3253 1394 3325 clare

161 3374 369 3465 aperteque
387 3375 584 3464 appareat,
603 3373 643 3440 et
659 3392 806 3463 poenae
823 3392 846 3440 a
863 3367 982 3440 sacris
1000 3366 1213 3440 canonibus
1230 3375 1394 3441 statutae

161 3483 323 3580 provide
340 3483 618 3573 adhibeantur3
645 3488 713 3556 aut
736 3482 962 3579 probatione
980 3482 1180 3556 deficiente
1197 3490 1393 3557 accusatus

161 3597 393 3673 dimittatur.
450 3600 499 3696 (a.
519 3602 580 3697 11.)

211 3715 295 3790 301.
324 3715 557 3789 Procurator
571 3714 733 3789 Fiscalis
751 3715 833 3812 (qui
851 3716 969 3791 etiam
988 3716 1195 3792 Promotor
1212 3725 1253 3792 et
1265 3718 1391 3792 Advo-

160 3840 267 3905 catus
292 3831 455 3906 Fiscalis
482 3832 720 3929 nominatur)
749 3832 798 3904 ab
825 3831 1018 3930 Episcopo
1043 3833 1296 3908 constituitur
1321 3840 1394 3906 “ut

156 3947 333 4045 justitiae
358 3954 398 4021 et
427 3946 504 4044 legi
530 3947 728 4021 satisfiat.’'
798 3949 848 4044 (a.
875 3950 986 4046 xm.)
1055 3948 1249 4025 Generalo
1277 3950 1393 4049 igitur

160 4065 192 4160 ej
201 4090 243 4137 us
266 4064 433 4137 officium
457 4072 527 4152 est,
549 4063 745 4160 justitiam
766 4070 806 4138 et
831 4063 956 4162 legem
979 4064 1092 4157 tueri,
1111 4090 1161 4139 ne
1180 4065 1392 4154 violentum

161 4180 194 4253 si
221 4206 311 4254 vero
338 4179 504 4254 violatae
531 4179 620 4271 sint,
648 4180 856 4254 vindicare.
917 4180 1055 4278 Itaque
1079 4184 1237 4279 quando
1262 4206 1392 4256 earum

161 4296 412 4370 violationem
438 4321 590 4393 quoque
616 4298 731 4369 modo
758 4297 1000 4393 compererit,
1024 4299 1130 4394 apud
1156 4298 1393 4396 Episcopum

161 4412 332 4501 instabit,
368 4419 413 4486 ut
453 4410 652 4508 inquisitio
696 4411 935 4504 instituatur,
969 4419 1009 4487 et
1050 4411 1082 4487 si
1126 4439 1226 4511 opus
1268 4415 1393 4505 fuerit,

156 4527 394 4628 judicialiter
420 4526 460 4600 in
486 4526 717 4624 inquisitum
744 4530 985 4624 procedatur.
1039 4530 1152 4618 Quod
1178 4529 1212 4604 si
1239 4530 1394 4629 Episco-
