3142 5242
166 450 232 513 234
663 457 908 505 APPENDIX.

164 632 221 703 est,
238 621 272 685 in
295 618 451 706 praesenti
474 616 534 682 hac
555 615 773 681 Instructione
793 613 943 700 colligere
963 613 1199 678 communiones
1221 610 1354 699 regnlm
1372 634 1409 675 ac

164 724 332 811 principia,
344 744 425 810 quae
440 722 474 786 in
489 730 680 785 memoratae
694 717 856 783 facultatis
868 739 927 781 usu
938 739 1013 803 prae
1023 715 1124 782 oculis
1138 725 1218 780 sunt
1227 715 1405 780 habenda*

210 830 239 893 2.
270 827 376 892 Nemo
398 826 535 912 ignorat,
549 847 590 888 ex
604 821 717 909 regula
729 821 870 908 generali
885 821 977 885 iuxta
991 820 1153 906 vigentem
1175 818 1341 884 Ecclesiae
1356 818 1405 882 di-

164 931 333 1018 sciplinam
346 930 440 994 licere
450 927 672 994 Sacerdotibus
682 924 780 990 semel
790 935 917 990 tantum
929 925 964 989 in
974 923 1028 989 die
1041 924 1075 989 S.
1087 923 1289 989 Sacrificium
1305 922 1403 988 litare

165 1036 220 1101 Sic
246 1034 361 1100 statuit
386 1032 596 1098 Innocentius
625 1027 740 1096 III.:¹
770 1032 791 1064 “
801 1027 1054 1116 Respondemus,
1078 1026 1168 1115 quod
1195 1038 1334 1113 excepto
1354 1026 1404 1091 die

165 1138 357 1205 Nativitatis
379 1135 577 1219 Dominicis,
591 1135 655 1199 nisi
675 1155 773 1199 causa
794 1133 979 1198 necessitatis
997 1133 1137 1214 merdant,
1155 1130 1278 1196 sufficit
1298 1130 1405 1197 Sacer·

165 1242 233 1307 doti
254 1241 352 1307 semel
368 1241 402 1305 in
416 1239 469 1305 die
482 1262 580 1305 unam
596 1239 733 1303 Missam
746 1237 949 1303 solummodo
962 1233 1152 1302 oelebrare.'’

210 1349 240 1412 3.
264 1345 308 1411 In
322 1368 397 1410 casu
411 1366 488 1430 ergo
502 1342 695 1408 necessitatis
709 1341 908 1428 permittitur
920 1339 1136 1406 sacerdotibus
1149 1340 1267 1405 missae
1281 1340 1404 1405 iteratio

164 1449 274 1515 eodem
287 1449 348 1514 die.
395 1446 437 1513 Id
453 1457 560 1511 tamen
573 1445 667 1512 debet
681 1444 830 1532 intelligi,
842 1445 892 1509 uti
906 1467 947 1509 ex
961 1444 1040 1531 ipsis
1051 1443 1285 1509 Formularum
1299 1443 1403 1509 verbis

164 1553 372 1640 dignoscitur,
387 1550 428 1615 de
441 1551 537 1617 vcnia
557 1549 737 1615 celebrandi
756 1549 837 1615 duas
849 1557 976 1614 tantum
991 1549 1112 1632 missas,
1125 1548 1280 1634 quamvis
1292 1570 1403 1634 gravet

165 1665 387 1722 concurrerent
414 1678 535 1737 causae,
557 1676 639 1741 qnae
667 1653 821 1718 maiorem
850 1675 1020 1718 numerum
1045 1651 1203 1717 celebrare
1225 1650 1401 1717 maderent

166 1759 351 1825 Postulavit
372 1758 451 1824 olim
475 1757 659 1823 Praefectus
681 1756 848 1823 Missionis
869 1757 1124 1843 Capuecinorum
1138 1755 1271 1838 Tuneti,
1284 1779 1328 1820 an
1341 1778 1403 1820 nno

165 1862 339 1949 eodemque
360 1862 421 1945 die,
436 1862 465 1926 si
477 1863 638 1926 necessitas
650 1867 770 1945 arpent,
785 1861 894 1947 plures
908 1882 1006 1948 quam
1021 1858 1102 1926 duas
1116 1858 1236 1924 Missas
1249 1859 1403 1925 celebrare

165 1966 328 2054 potuisset,
344 1975 511 2052 propterea
531 1963 619 2052 quod
640 1988 751 2030 omnes
764 1964 833 2029 eius
847 1963 1045 2030 Missionarii
1067 1964 1101 2029 in
1121 1986 1261 2029 maceres
1274 1962 1403 2029 coniecti

165 2079 264 2136 erant.
310 2070 421 2156 Atque
435 2069 468 2134 S.
481 2069 697 2155 Congregatio
710 2067 867 2155 generalis
882 2068 977 2133 Fidei
991 2067 1216 2154 propagandae
1225 2067 1404 2156 praeposita

165 2175 218 2239 die
233 2175 253 2240 7
268 2173 412 2261 Augusti
436 2176 522 2239 1684
544 2172 727 2258 respondit:
748 2195 813 2236 non
827 2194 920 2259 posse
932 2173 1035 2256 cipere
1046 2171 1239 2256 sonitatum
1257 2171 1404 2237 celebrare

165 2279 250 2343 oltra
270 2278 353 2342 daea
374 2276 502 2343 dsessas.
547 2275 647 2356 Quod
668 2275 859 2362 iampridem
880 2298 1067 2362 responsum
1089 2275 1195 2341 fuerat
1215 2275 1252 2340 in
1265 2274 1403 2364 genstall

166 2382 421 2468 Congregatione
448 2380 559 2445 habita
587 2402 692 2445 eoram
719 2379 918 2445 Sondbsimo
946 2378 1000 2444 die
1029 2382 1071 2445 17
1101 2378 1273 2444 Februarii
1302 2384 1402 2461 16483

166 2508 304 2573 namque
325 2485 472 2571 exposito
493 2484 606 2568 abusu,
628 2484 685 2570 qni
708 2483 890 2549 invaluerat
911 2483 994 2549 inter
1014 2483 1191 2549 sacerdotes
1220 2485 1403 2571 captivitate

165 2588 307 2654 detentos
323 2589 357 2652 in
372 2588 517 2675 Algeria,
531 2587 713 2653 celebrandi
734 2598 798 2653 tres
819 2589 942 2671 missas,
964 2588 1120 2655 “SSmus.
1142 2637 1152 2655 .
1176 2636 1185 2653 .
1210 2637 1220 2655 .
1240 2589 1333 2654 iussit
1346 2612 1403 2676 per

166 2694 279 2757 dictum
301 2691 497 2776 Praefectum
518 2690 691 2779 (Alperioc)
708 2693 854 2778 praecipi
873 2693 996 2756 nomine
1008 2692 1187 2757 Sanctitate
1201 2692 1289 2757 Suae
1304 2716 1402 2757 socer-

165 2797 286 2860 dotidna
309 2846 317 2862 .
341 2845 350 2863 .
375 2845 383 2862 .
407 2797 489 2882 prtod
500 2818 568 2860 curn
582 2795 674 2861 Sedes
685 2797 864 2882 Apostolicn
877 2797 913 2859 in
918 2795 1125 2880 scecndatibtts
1137 2796 1402 2861 missionarroram

162 2908 335 2988 potestatem
356 2923 410 2964 seu
431 2901 583 2964 licentiam
604 2901 780 2964 concesserit
800 2899 974 2964 celebrandi
987 2899 1034 2964 bis
1044 2900 1080 2963 in
1093 2900 1153 2978 die,
1168 2900 1225 2963 nbi
1245 2903 1401 2965 recensetos

165 3005 200 3067 id
220 3005 356 3087 caeperit,
371 3027 410 3068 ne
423 3004 564 3090 deinceps
577 3005 662 3067 edtro
675 3004 757 3068 clatos
770 3005 881 3068 missos
894 3001 1067 3068 celebrere?
1113 3003 1208 3069 Idem
1230 3004 1296 3070 fuit
1317 3028 1401 3091 repe·

164 3109 261 3173 titum
276 3109 368 3172 annis
384 3112 468 3173 1818
484 3118 516 3172 et
532 3111 618 3173 1820
634 3107 798 3172 Praefecto
813 3108 1000 3194 Apostolieo
1015 3108 1145 3173 Tuneti.

208 3216 240 3278 4.
259 3212 436 3276 Necessitas
447 3235 522 3298 erga
536 3222 583 3276 est
598 3211 711 3276 unicus
722 3211 846 3293 titulae,
858 3235 898 3275 cx
909 3234 974 3299 quo
989 3211 1123 3276 facultas
1137 3212 1354 3277 sacerdotibus
1368 3214 1401 3277 fit

163 3315 244 3381 duas
273 3315 398 3380 dicendi
428 3318 549 3380 missas.
611 3316 779 3402 Imprimis
808 3325 916 3380 tamen
944 3315 1076 3401 expedit
1103 3338 1178 3379 cum
1208 3315 1400 3383 Verricelli¹

164 3419 427 3501 animadvertere,
449 3419 536 3505 qnod
559 3419 668 3483 “hacc
689 3418 855 3483 necessitas
877 3442 941 3483 non
964 3429 1013 3483 est
1033 3418 1230 3484 desumenda
1250 3444 1292 3485 ex
1315 3432 1401 3507 parte

164 3524 289 3609 inopiae
310 3523 518 3605 sacerdotum,
541 3523 596 3587 sed
618 3546 659 3587 ex
680 3533 771 3609 parte
799 3524 992 3588 necessitatis
1016 3522 1193 3608 spiritualis
1219 3525 1347 3610 populi,
1371 3536 1401 3589 et

196 3676 264 3728 *En
281 3675 368 3728 dictus
384 3675 512 3727 articulus
528 3683 558 3727 ut
575 3684 674 3743 prostat
691 3676 720 3727 in
738 3675 894 3728 facultatum
911 3676 1044 3728 Formulis
1060 3693 1078 3727 a
1093 3676 1119 3727 S.
1132 3676 1161 3727 C.
1175 3677 1286 3729 concedi
1302 3679 1397 3730 solitis:

166 3759 346 3812 “celebrandi
359 3759 439 3810 bisin
451 3759 502 3824 die,
516 3759 538 3810 si
550 3760 690 3810 necesitas
706 3766 806 3825 urgeat,
818 3758 857 3810 ita
869 3770 957 3810 tamen
969 3760 1038 3810 utin
1050 3759 1137 3826 prima
1155 3759 1239 3811 Mima
1251 3779 1306 3813 non
1316 3780 1400 3829 sump-

163 3842 397 3894 seritublutioncm
415 3881 421 3895 .
440 3882 446 3895 .
464 3882 470 3894 .
488 3844 587 3894 Caveat
596 3859 665 3906 vero,
675 3859 709 3893 ne
718 3841 852 3908 praedicta
861 3843 985 3894 facultate
993 3859 1038 3894 seu
1046 3842 1244 3908 dispensatione
1252 3845 1400 3897 celebrandi

165 3925 243 3977 bisin
255 3925 300 3976 die
311 3925 390 3976 aliter
400 3943 481 3992 quant
492 3944 526 3976 ex
537 3924 701 3991 gravissimis
717 3926 801 3976 causis
812 3932 839 3976 et
851 3925 984 3977 rarissime
999 3934 1096 3990 utatur,
1110 3925 1139 3976 in
1150 3943 1203 3992 quo
1214 3928 1337 3992 graviter
1346 3930 1400 3980 eius

163 4009 322 4060 conscientia
332 4017 464 4060 onemtur.
499 4007 607 4072 Quodsi
617 4012 687 4059 lianc
697 4007 817 4059 eamdem
828 4008 981 4059 facultatem
992 4007 1070 4059 alteri
1082 4008 1218 4059 Sacerdoti
1229 4010 1309 4061 iuxta
1320 4020 1401 4078 potes·

164 4099 245 4142 tatem
263 4092 372 4142 infcnus
388 4091 573 4157 apponendam
590 4091 790 4156 communicare,
804 4099 849 4141 aut
860 4108 950 4142 musas
961 4109 992 4142 ea
1004 4090 1096 4142 utendi
1108 4090 1197 4156 alicui,
1211 4092 1260 4158 qni
1271 4112 1287 4143 a
1299 4094 1325 4146 S.
1337 4094 1400 4146 Sede

164 4174 232 4225 hanc
240 4174 379 4225 dumtaxat
386 4175 538 4239 obtinuerit,
546 4174 693 4240 approbare
700 4175 784 4225 visum
794 4173 882 4239 fuerit,
891 4175 961 4226 serio
969 4175 1053 4240 ipsius
1061 4173 1236 4225 conscientiae
1244 4176 1399 4243 iniungitur,

163 4265 193 4308 ut
204 4257 294 4323 paucis
310 4257 457 4322 dumtaxat,
471 4257 557 4323 iisque
573 4257 725 4308 maturioris
736 4256 893 4323 prudentiae
909 4273 941 4307 ac
957 4257 1008 4308 zeli
1025 4265 1052 4308 et
1063 4256 1109 4323 qul
1127 4255 1247 4310 absolute
1260 4259 1400 4312 necessarii

49 4367 56 4382 ·
162 4348 231 4405 sunt,
243 4357 291 4391 nec
302 4357 350 4407 pro
361 4340 479 4407 quolibet
491 4340 554 4405 loco,
567 4339 613 4390 sed
626 4338 671 4390 ubr
682 4340 771 4406 gravis
782 4340 920 4391 necessitas
937 4340 1029 4392 tulerit
1040 4349 1067 4391 et
1079 4338 1113 4390 nd
1125 4337 1204 4391 breve
1216 4349 1323 4409 tempus
1334 4361 1401 4395 eam·

162 4422 222 4473 dem
234 4425 415 4487 communicet,
429 4431 475 4474 aut
487 4423 633 4489 respective
644 4440 734 4474 causas
745 4423 896 4490 approbet.”

197 4505 205 4537 ¹
216 4506 278 4572 Cap.
293 4505 440 4559 &merenti
450 4505 483 4557 de
495 4505 672 4557 celebratione
684 4505 834 4558 Missarum.

195 4587 256 4639 ²Dc
267 4589 359 4656 Apost.
371 4588 548 4654 blissionibus,
561 4588 614 4640 Tit.
626 4603 666 4640 lv.
679 4589 785 4653 eraest.
797 4591 845 4654 98,
860 4589 927 4641 Dub.
941 4591 989 4655 18,
1003 4608 1029 4642 n.
1041 4592 1098 4643 201.
