3142 5242
266 455 315 502 Du
344 457 557 504 FACULTATE
587 457 641 504 BIS
671 457 792 504 EODEM
822 458 886 503 DIE
916 456 1048 503 MISSAM
1077 456 1322 504 encaustum.
1367 441 1409 502 55

172 636 243 710 pro
278 637 415 688 causae
452 612 645 712 gravitate
679 611 839 687 missam
870 611 1012 687 iterent
1046 612 1109 685 vel
1144 638 1166 686 a
1201 610 1282 686 suis
1317 611 1407 686 mis·

172 727 352 823 sionariis
377 727 511 804 iterari
536 727 777 828 permittant.

222 845 307 920 104.
342 845 419 920 Sed
452 870 577 944 neque
610 845 697 921 vult
738 845 880 920 Sancta
913 845 1031 921 Sedes
1066 852 1110 921 ut
1144 845 1193 921 ob
1226 843 1408 922 timorem

171 959 312 1060 rigoris
337 986 413 1061 quo
448 961 626 1038 munitur
649 961 845 1037 facultatis
871 963 1040 1038 formula
1065 961 1184 1037 nimis
1213 968 1409 1061 angantur

172 1079 307 1153 eadem
342 1085 504 1156 utentes.
556 1077 592 1153 Ε
626 1077 782 1176 saepius
822 1077 927 1154 enim
960 1077 1137 1176 repetitis
1171 1076 1409 1176 Apostolicis

172 1193 496 1270 declarationibus
522 1202 560 1271 et
586 1194 783 1293 responsis
809 1193 1058 1270 manifestum
1085 1201 1145 1269 est
1168 1195 1221 1270 ad
1236 1192 1408 1270 iteratio·

171 1334 260 1385 nem
286 1335 420 1385 veram
446 1311 603 1411 quidem
628 1310 775 1409 requiri
801 1311 1080 1404 necessitatem,
1106 1310 1408 1410 haudquaquam

171 1431 302 1501 tamen
332 1426 552 1503 absolutam
582 1428 651 1503 sed
676 1426 877 1521 moralem,
902 1451 1003 1525 quae
1027 1425 1193 1502 existere
1215 1428 1410 1504 censenda

170 1549 229 1617 est
245 1542 396 1642 quoties
414 1543 613 1620 deficiente
638 1544 955 1644 presbyterorum
973 1542 1084 1641 copia
1101 1542 1267 1643 aliisque
1283 1543 1407 1620 omni·

170 1657 242 1734 bus
268 1659 568 1735 circumstantiis
594 1667 747 1734 mature
770 1659 973 1758 perpensis
994 1659 1204 1757 judicetur,
1227 1659 1408 1736 fidelibus

170 1775 420 1851 vehementer
446 1775 542 1852 utile
569 1777 651 1852 fore
677 1781 723 1852 ut
749 1778 966 1852 sacerdotes
992 1775 1053 1851 bis
1082 1775 1244 1851 missam
1270 1777 1407 1852 eodem

170 1891 266 1967 festo
293 1891 356 1967 die
381 1893 585 1968 celebrent.
638 1891 865 1991 Cujusmodi
892 1892 925 1967 si
951 1891 1129 1984 adfuerit,
1148 1917 1226 1967 non
1251 1900 1407 1969 tantum
1444 1960 1446 1964 Α

169 2006 275 2083 haud
316 2007 482 2084 timeant
522 2016 673 2086 reatum
711 2007 871 2084 illicitae
912 2007 1140 2103 iterationis,
1175 2011 1243 2084 sed
1277 2008 1408 2108 potius

169 2123 392 2200 existiment
425 2150 467 2201 se
500 2125 653 2201 muneri
696 2149 766 2200 suo
810 2125 1023 2220 defuturos,
1058 2125 1091 2200 si
1126 2125 1189 2200 vel
1223 2124 1300 2224 ipsi
1334 2151 1407 2225 pro
1448 2132 1453 2141 '

169 2241 306 2340 populi
332 2241 558 2318 necessitate
583 2241 744 2316 missam
771 2266 849 2315 non
874 2240 1105 2317 iteraverint
1129 2241 1193 2317 vel
1228 2241 1406 2318 mission-

168 2356 261 2432 ariis
279 2357 360 2433 suis
377 2358 478 2433 hanc
494 2357 717 2433 facultatem
735 2383 814 2432 non
832 2356 1101 2433 concesserint.

219 2475 303 2549 105.
339 2473 446 2549 Bene
472 2481 607 2549 notent
632 2473 868 2549 missionarii
895 2475 1115 2548 sacerdotes
1132 2499 1174 2550 se
1191 2500 1406 2574 numquam

167 2589 365 2690 praedicta
390 2591 572 2665 facultate
591 2589 648 2665 uti
672 2615 785 2689 posse
804 2589 880 2665 nisi
907 2591 1208 2688 “dependenter
1225 2592 1275 2667 ab
1293 2591 1405 2667 Ordi-

168 2706 289 2799 nario,
316 2709 367 2782 ad
401 2733 517 2806 quem
551 2706 721 2806 pertinet
754 2713 841 2783 tum
868 2708 916 2783 de
947 2732 1040 2783 vera
1065 2707 1301 2801 necessitate,
1320 2715 1406 2784 tum

167 2823 216 2898 de
242 2822 500 2922 possibilitate
530 2821 714 2898 canonica
742 2823 916 2899 remedia
944 2823 1168 2922 applicandi
1195 2825 1296 2900 ferre
1321 2849 1406 2900 sen·

167 2939 330 3014 tentiam
343 2939 365 2973 ’'
388 2938 522 3039 (Instr.
541 2940 617 3034 cit,
632 2964 670 3015 n.
690 2941 769 3038 11),
785 2965 909 3038 neque
926 2942 1254 3039 praesumendam
1272 2967 1295 3015 a
1312 2966 1405 3041 quo·

167 3081 285 3155 quam
316 3081 399 3131 esse
433 3055 630 3131 licentiam
656 3057 844 3154 quamdiu
868 3081 1048 3132 recursus
1075 3057 1126 3131 ad
1152 3056 1405 3156 Ordinarium

166 3179 297 3271 patet3
342 3172 576 3271 pariterque,
612 3174 662 3248 ad
695 3173 898 3248 vitandam
933 3198 1090 3248 omnem
1125 3173 1331 3248 avaritiam
1365 3181 1406 3251 ct

165 3287 292 3387 turpis
318 3287 416 3363 lucri
443 3288 621 3388 speciem,
646 3290 799 3364 firmam
825 3315 981 3388 semper
1005 3315 1209 3366 remanere
1232 3289 1404 3388 prohibi-

165 3404 312 3480 tionem
354 3405 562 3505 quominus
606 3405 703 3505 quis,
748 3407 893 3505 absque
945 3431 1125 3505 expresso
1177 3406 1404 3505 Apostolico

166 3519 329 3615 indult0,
353 3547 425 3622 pro
451 3524 619 3598 secunda
644 3522 764 3597 missa
790 3523 933 3599 directe
957 3522 1019 3597 vel
1045 3522 1233 3598 indirecte
1259 3521 1403 3621 stipen-

166 3637 276 3714 dium
293 3639 467 3737 accipiat.

216 3755 300 3830 106.
337 3755 481 3830 Modus
499 3757 616 3830 etiam
635 3782 710 3855 quo
729 3758 1017 3856 procedendum
1035 3763 1105 3849 est,
1124 3782 1245 3855 quum
1264 3755 1404 3832 debitis

166 3871 238 3947 sub
263 3871 549 3947 conditionibus
575 3873 635 3948 bis
660 3875 797 3948 eodem
823 3872 887 3947 die
907 3872 1029 3947 missa
1051 3873 1278 3965 celebratur,
1297 3897 1402 3948 accu-

165 3995 250 4063 rate
291 3987 509 4086 descriptus
549 3988 745 4087 reperitur
786 3987 829 4063 in
862 3987 1119 4064 instructione
1160 3988 1198 4064 S.
1239 3988 1403 4064 Rituum

166 4102 486 4203 Congregationis
516 4104 593 4179 diei
626 4106 675 4179 12
703 4104 955 4203 Septembris,
984 4105 1094 4197 1857,
1125 4130 1214 4180 cum
1248 4105 1403 4203 supple·

167 4227 298 4294 mento
324 4218 450 4295 eidem
471 4220 605 4295 addito
631 4245 655 4296 a
679 4220 1045 4319 &congregatione
1069 4222 1119 4296 de
1145 4220 1263 4318 Prop.
1282 4220 1403 4313 Fide,¹

166 4334 276 4435 isque
292 4336 460 4411 fideliter
476 4338 691 4411 servandus
709 4343 830 4412 estut
847 4336 1077 4435 dignissimo
1104 4336 1194 4411 huic
1219 4335 1404 4412 sacrificio

167 4472 238 4524 sua
264 4472 419 4549 semper
444 4449 672 4524 exhibeatur
697 4449 747 4523 ab
772 4448 954 4524 omnibus
979 4448 1210 4526 reverentia.

202 4613 290 4668 'Vide
302 4616 330 4668 in
341 4615 492 4686 Appendica,
504 4634 530 4685 p.
538 4617 594 4670 243,
