3142 5242
163 453 227 518 120
296 469 481 516 urrunsa
507 468 699 516 vin-nn
728 468 948 515 accurras
977 466 1264 514 carusium.

161 623 252 700 erit:
278 627 319 699 1⁰
339 623 624 700 Catechismum
642 623 803 721 seligere
820 622 909 699 etsi
927 648 1024 721 opus
1041 623 1159 698 fuerit
1175 624 1394 712 emendare,

161 748 230 817 aut
246 743 294 818 de
312 767 413 816 novo
437 765 605 832 exarare,
624 747 742 839 prout
764 739 889 838 magis
913 739 1171 815 necessarium
1194 747 1235 814 et
1257 764 1394 837 oppor-

93 859 98 871 '
160 863 301 933 tunum
327 855 629 932 aestimaverint.
681 859 724 931 2ο
757 856 865 954 Opus
888 881 1003 932 suum
1029 855 1085 931 ita
1108 856 1324 955 perfectum
1347 856 1396 930 ad

160 982 312 1049 coetum
332 974 534 1049 Rmorum.
553 971 944 1072 Archiepiscoporum
967 972 1167 1048 remittere
1183 970 1251 1071 qui
1269 974 1395 1048 denuo

161 1090 437 1166 catechismum
470 1097 753 1188 recognoscent,
787 1096 827 1164 et
863 1088 968 1189 typis
1007 1096 1182 1164 accurate
1216 1086 1396 1164 mandari

161 1208 362 1282 curabunt.
415 1204 502 1280 Hoc
522 1204 753 1281 catechismo
771 1205 812 1281 in
835 1206 961 1280 lucem
982 1205 1087 1280 edito
1103 1204 1395 1304 quamprimum

162 1322 220 1398 uti
236 1329 443 1398 teneantur
459 1347 593 1397 omnes
617 1321 835 1397 animarum
854 1346 987 1397 curam
1009 1322 1207 1412 habentes,
1225 1328 1266 1397 et
1288 1345 1395 1420 prae·

161 1447 334 1538 ceptores
351 1446 434 1514 tam
451 1437 623 1537 religiosi
639 1464 756 1537 quam
773 1437 873 1513 laici.

212 1555 406 1646 Quoniam
423 1580 515 1630 vero
534 1580 657 1629 novus
675 1553 748 1630 iste
764 1554 1019 1630 catechismus
1037 1554 1187 1654 anglice
1203 1554 1394 1653 conscrip-

80 1732 83 1738 .
162 1679 287 1748 tusco
305 1672 381 1747 fine
398 1670 604 1769 parabitur
620 1677 666 1746 ut
686 1696 764 1746 non
788 1671 916 1746 solum
933 1671 1122 1747 inserviat
1138 1669 1395 1747 uniformitati

163 1789 460 1889 promovendae,
473 1813 550 1886 quo
567 1787 814 1862 incommoda
830 1812 950 1886 supra
966 1795 1182 1864 memorata
1192 1787 1394 1882 tollantur,

163 1906 231 1981 sed
248 1903 367 1980 etiam
384 1902 597 1979 conditioni
620 1928 665 1978 ac
686 1902 805 1978 statui
828 1903 1003 1979 fidelium
1028 1912 1251 1980 nostrorum
1272 1903 1396 2004 magis

163 2023 381 2120 adaptetur,
398 2020 513 2095 valde
536 2018 578 2095 in
595 2018 697 2095 votis
715 2020 913 2114 habemus,
933 2028 977 2095 ut
993 2046 1018 2095 a
1033 2020 1212 2096 fidelibus
1229 2011 1413 2098 aliarum'

162 2162 314 2237 quoque
331 2136 553 2234 linguarum
567 2135 608 2210 in
622 2161 756 2223 eorum
774 2135 921 2210 idioma
933 2161 1141 2212 conversus
1154 2137 1395 2215 adhibeatur.

163 2252 370 2329 Praeterea
399 2277 486 2327 cum
518 2251 630 2326 liberi
660 2277 709 2326 ex
738 2252 898 2327 familiis
928 2252 1011 2328 sive
1042 2253 1287 2329 Germanicis
1317 2256 1396 2331 sivo

163 2368 324 2445 Gallicis
355 2368 437 2443 sive
467 2368 627 2443 alterius
658 2367 826 2443 nationis
851 2368 974 2444 exorti
1002 2394 1081 2444 non
1107 2394 1196 2444 raro
1221 2377 1396 2471 tempore

163 2484 411 2584 subsequenti
440 2486 493 2579 ¹ad
527 2483 617 2559 illas
647 2484 824 2559 ecclesias
855 2485 1072 2560 Catholicas
1106 2492 1321 2582 transeant,
1355 2487 1396 2562 in

162 2603 302 2702 quibus
333 2601 508 2675 doctrina
538 2599 759 2675 Christiana
788 2601 923 2699 lingua
953 2601 1105 2701 anglica
1139 2604 1396 2700 praedicatur,

162 2718 478 2793 commendamus
515 2723 557 2791 ut
591 2716 852 2793 adolescentes
882 2717 948 2816 qui
981 2727 1186 2817 utramque
1219 2720 1396 2820 linguam

162 2835 305 2910 callent
331 2858 374 2906 ae
400 2833 501 2908 inter
531 2833 680 2931 anglice
710 2833 909 2931 loquentes
940 2834 1011 2909 toti
1042 2844 1260 2929 versantur,
1287 2863 1397 2937 prae·

162 2951 309 3027 dictum
328 2949 603 3023 catechismum
626 2949 668 3023 iu
692 2949 827 3047 lingua
844 2975 995 3048 quoque
1013 2951 1165 3050 anglica
1182 2954 1397 3032 addiscant.

609 3212 967 3221 —

600 3394 816 3469 cAPUT
853 3395 970 3471 III.—

558 3576 622 3650 Da
650 3577 793 3651 Lraars
819 3577 1003 3654 Paucum.

214 3745 298 3819 220.
349 3743 458 3817 Libri
496 3741 712 3841 precatorii,
748 3769 911 3842 quorum
956 3744 1130 3822 infinitus
1174 3773 1297 3848 prope
1341 3761 1400 3828 est

164 3885 359 3952 numerus,
385 3858 539 3956 saepius
569 3883 593 3931 a
621 3857 873 3955 scriptoribus
898 3859 1091 3959 imperitis
1117 3865 1350 3960 concinnati,
1376 3895 1401 3944 a

164 4002 256 4050 vera
286 3984 326 4050 et
354 3974 501 4049 salubri
531 3974 667 4049 orandi
699 3999 835 4049 norma
865 4001 981 4074 quam
1013 3978 1186 4054 Ecclesia
1215 3981 1257 4055 in
1289 4008 1400 4060 sacra

163 4092 323 4190 liturgia
347 4091 540 4189 proponit,
559 4090 713 4188 longius
737 4090 778 4164 in
803 4091 885 4165 dies
909 4093 1015 4167 abire
1033 4094 1226 4171 videntur.
1281 4100 1397 4175 Prae·

163 4208 328 4305 cipimus
353 4233 443 4304 ergo
468 4214 512 4280 ut
529 4206 712 4304 Episcopi
737 4208 1044 4284 examinatorum
1063 4213 1312 4306 synodalium
1331 4223 1400 4291 aut

164 4323 238 4398 viri
257 4324 419 4421 alicujus
437 4322 538 4397 docti
556 4330 595 4396 et
612 4322 667 4420 pii
685 4348 868 4399 censurae
887 4326 1093 4423 subjiciant
1110 4355 1245 4405 omnes
1262 4333 1330 4431 huj
1337 4358 1396 4408 us·

163 4441 269 4516 modi
300 4440 431 4514 libros.
502 4439 582 4514 Nec
611 4442 779 4515 audeant
812 4445 1048 4543 typographi
1077 4445 1119 4519 in
1150 4446 1275 4522 lucem
1308 4450 1398 4526 illos

164 4559 287 4648 edere,
312 4563 380 4629 aut
405 4556 562 4629 Sacram
589 4555 841 4653 Scripturam,
865 4560 1126 4667 catechismos,
1154 4565 1399 4643 narrationes
