3142 5242
166 459 231 523 266
661 470 905 517 arraxnrx.

163 630 341 695 adratum
365 628 590 715 preferendum
613 627 768 691 iudicium
789 640 846 690 aut
867 629 1038 692 neeffimria
1055 644 1110 692 aut
1132 646 1399 714 opportunaoen·

162 746 302 801 eantur.

209 840 226 916 ξ
250 840 301 904 21.
325 837 421 918 Quae
442 837 475 901 in
498 836 576 900 actis
590 836 804 918 eontinentur,
820 837 950 917 nemini,
964 858 1005 900 ne
1018 836 1097 922 ipsis
1109 836 1243 924 quidem
1256 839 1399 924 coningi-

163 942 225 1009 bus
253 964 428 1027 eommque
454 940 684 1023 defensoribus,
713 951 808 1005 erunt
842 940 1103 1004 communicanda
1134 958 1211 1006 ante
1239 964 1399 1028 prowm

163 1047 424 1134 publicationem,
447 1067 513 1109 uno
534 1055 666 1130 excepte
687 1045 883 1108 matrimonii
908 1044 1080 1125 defensore,
1101 1046 1155 1110 cui
1180 1044 1323 1112 liberum
1342 1048 1400 1112 erit

163 1174 289 1237 semper
302 1160 335 1215 et
348 1149 614 1236 quandocumque
626 1158 697 1213 acta
710 1148 864 1234 inspicere
877 1157 909 1212 et
921 1148 1111 1215 examinare.

210 1256 225 1332 ξ
248 1258 300 1321 22.
323 1255 493 1334 Quatenus
507 1276 585 1317 vero
598 1266 741 1317 actorum
756 1252 947 1317 modemtori
960 1264 1016 1317 aut
1029 1252 1189 1318 desenmri
1204 1256 1398 1321 matrimonii

163 1359 256 1424 nulla
270 1359 335 1424 alia
348 1357 495 1445 probatio
509 1355 700 1444 requirenda
713 1355 870 1439 videatur,
886 1358 961 1421 tinia
977 1357 1162 1443 imponatur
1175 1360 1397 1444 probationum

163 1462 353 1545 titillationi,
367 1471 400 1527 ct
414 1484 576 1548 praeseus
590 1460 781 1547 publicetur,
795 1461 882 1525 edito
895 1459 957 1525 bae
969 1484 1065 1547 super
1078 1484 1113 1526 re
1126 1462 1256 1528 decreto
1271 1464 1315 1528 ab
1333 1466 1398 1551 ipso

163 1568 370 1649 mulctatam,
384 1590 405 1631 a
418 1564 584 1630 defensore
597 1565 804 1647 matrimonii,
819 1573 885 1630 eta
897 1564 1084 1630 cancellario
1096 1566 1337 1634 subscribendo.

208 1672 225 1749 ξ
249 1674 301 1737 23.
325 1670 497 1736 I'ublitato
517 1692 674 1756 processu,
691 1669 779 1735 loeus
801 1671 856 1735 fiet
875 1668 1113 1735 defensionibus
1132 1694 1215 1758 quas
1235 1684 1341 1759 partes
1359 1671 1396 1738 ad

162 1799 222 1842 aaa
243 1776 314 1840 iura
334 1775 454 1839 tuenda
473 1772 637 1839 voluerint
656 1773 804 1861 allegare,
818 1773 902 1839 tacta
921 1773 1035 1839 iisdem
1056 1774 1210 1841 facultate
1229 1776 1396 1842 adhibendi

162 1904 216 1945 (tou
229 1880 408 1944 defensores
421 1901 503 1964 quos
517 1877 710 1961 maluerint3
732 1879 799 1943 imo
812 1878 1063 1965 praemonendae
1079 1890 1177 1944 erunt
1193 1879 1236 1945 de
1250 1881 1311 1946 hoe
1324 1881 1395 1963 iure,

164 1995 201 2049 ut
215 1984 279 2048 lata
292 1983 459 2065 sententia,
469 1982 606 2047 iniustae
619 1988 729 2047 contra
743 2005 814 2047 mm
829 1982 1015 2047 incusationi
1030 1992 1087 2048 aut
1100 1983 1321 2050 reclamationi
1333 1986 1396 2051 adi-

162 2098 217 2152 tus
239 2086 473 2174 praecludatur.
518 2086 740 2173 Allegatioues
759 2096 867 2152 autem
887 2087 917 2152 si
937 2087 979 2152 ab
1000 2086 1113 2152 iialem
1135 2088 1264 2154 oblatae
1283 2089 1396 2155 fuerint

163 2190 443 2257 communicandae
463 2200 558 2255 crunt
579 2190 737 2255 defensori
755 2191 875 2255 vinculi
895 2191 1150 2275 matrimonialia,
1165 2204 1204 2258 ut
1216 2217 1271 2259 ms
1284 2218 1395 2281 expen-

162 2294 247 2377 dere,
262 2303 295 2359 et
314 2306 472 2382 qnatenus
494 2294 690 2359 matrimonii
704 2294 904 2360 validitatem
927 2295 1117 2383 impugnent
1131 2296 1274 2364 refutare
1287 2298 1393 2365 valeat.

425 2468 476 2533 De
495 2469 642 2533 cadentia
658 2468 857 2554 proferenda,
878 2476 905 2533 tt
926 2471 1129 2556 appellatione

209 2625 225 2702 5
248 2627 301 2689 24.
332 2622 493 2688 Omnibus
516 2632 672 2708 utsupra
692 2624 827 2709 peractis
847 2621 889 2688 ad
910 2625 1099 2689 sententiam
1124 2627 1394 2712 pronunciandam

164 2728 357 2794 veniendum
380 2726 449 2792 crit.
495 2726 594 2805 Qirod
617 2735 653 2790 ut
674 2727 715 2791 ab
731 2727 905 2791 Ordinario
926 2752 981 2792 seu
1003 2730 1070 2793 eius
1085 2729 1231 2815 delegato
1253 2733 1315 2797 rite
1335 2733 1393 2811 fiat,

166 2834 197 2896 in
216 2832 329 2918 primia
343 2854 362 2894 a
377 2830 541 2895 defensore
563 2830 757 2894 matrimonii
781 2832 907 2917 exquiri
929 2833 1023 2896 debet
1043 2833 1226 2916 declaratio,
1242 2837 1304 2900 sibi
1318 2833 1393 2899 nibil

163 2936 302 3022 amplius
327 2934 548 2998 deducendum
577 2946 635 2999 aut
663 2935 891 3021 inquirendum
919 2959 1102 3022 supeream
1130 2938 1250 3004 deinde
1279 2941 1395 3025 integra

163 3064 256 3104 rausa
276 3039 402 3103 duobus
423 3048 480 3103 aut
501 3038 605 3102 tribus
619 3038 700 3103 viris
721 3038 842 3125 peritia
858 3040 885 3103 si
908 3039 1017 3104 haberi
1039 3042 1173 3128 pua-tint,
1189 3043 1395 3109 examinanda

163 3145 359 3227 subiiciatur,
374 3151 406 3207 et
421 3143 549 3207 nonnisi
563 3141 674 3207 audito
688 3166 799 3207 eorum
813 3153 891 3208 voto
904 3146 1059 3210 sententia
1073 3146 1266 3231 proteratur.

207 3249 297 3312 Haec
311 3248 345 3310 in
361 3247 487 3332 scriptia
501 3247 563 3310 erit
577 3246 747 3329 exaranda,
762 3247 797 3311 in
811 3271 910 3334 eaque
924 3250 1084 3313 rationum
1099 3262 1273 3331 momenta,
1284 3250 1394 3339 quibus

163 3354 322 3434 innititur,
337 3374 378 3415 ex
399 3373 546 3437 proceau
567 3350 758 3437 deprompta
778 3363 990 3437 exponantur,
1011 3355 1168 3418 succincte
1189 3356 1331 3441 quidem,
1345 3353 1394 3421 sed

163 3458 207 3521 ita
222 3467 337 3538 tamen,
354 3478 393 3518 ne
407 3455 574 3540 quidquam
590 3456 754 3520 eaentiale
768 3458 942 3521 omittatur.
988 3456 1151 3522 Sententia
1169 3460 1395 3547 sulacriptione

163 3560 276 3624 iudicis
290 3570 321 3624 ct
336 3559 504 3639 secretarii,
520 3582 578 3622 me
592 3582 656 3622 nen
668 3559 777 3645 sigillo
791 3561 897 3624 curiae
910 3560 1095 3647 episcopalis
1116 3565 1241 3627 munita
1257 3564 1394 3650 partibus

162 3666 223 3730 erit
245 3663 436 3728 notitimnda
458 3685 516 3749 per
536 3664 642 3727 curiae
666 3664 889 3748 apparitorem,
913 3665 1023 3729 relicta
1044 3665 1157 3731 iisdem
1181 3667 1272 3732 illius
1294 3691 1394 3733 exem·

162 3769 254 3856 plari,
271 3768 310 3832 ‹le
324 3791 388 3853 quo
405 3769 438 3831 in
453 3768 572 3852 scripto
587 3767 665 3831 fides
679 3767 740 3832 erit
754 3767 906 3834 facienda.

208 3875 223 3951 t
248 3876 299 3938 25.
331 3872 437 3935 ludex
461 3872 486 3935 si
512 3894 571 3957 pro
594 3871 761 3936 validitate
783 3873 979 3937 matrimonii
1003 3876 1193 3939 sententiam
1217 3875 1346 3960 dixerit,
1367 3884 1395 3940 et

162 4001 255 4042 nemo
277 4001 318 4041 ex
340 3975 530 4061 coniugibus
552 3986 663 4040 contra
684 3999 753 4040 eam
775 3976 996 4062 appellaverit,
1012 4001 1113 4064 neque
1127 3977 1276 4045 defensor
1292 3981 1394 4045 matri·

163 4081 260 4145 monii
283 4079 469 4165 appellabit,
490 4088 522 4143 ct
543 4103 652 4143 talia-a
674 4081 765 4145 finita
785 4091 957 4147 (elimatur.
1003 4083 1034 4146 E
1054 4085 1214 4148 contrusi
1236 4087 1395 4150 matrimo-

163 4187 253 4248 nium
279 4183 408 4247 nullum
434 4182 532 4246 fuisse
556 4183 742 4266 decreverit,
766 4186 916 4271 quamvis
940 4186 1090 4271 coniuges
1115 4187 1236 4252 iudicio
1260 4187 1393 4253 Praelati

161 4288 388 4374 acquieverint,
411 4285 560 4350 defensor
586 4287 782 4351 matrimonii
808 4288 1055 4374 appellationem
1082 4290 1182 4355 faeere
1207 4292 1345 4373 debebit,
1366 4299 1394 4355 et

163 4414 278 4457 novam
301 4391 490 4455 seutentiam
512 4391 553 4454 ab
566 4391 632 4455 alio
652 4391 808 4456 tribunali
830 4393 1009 4478 postulare3
1032 4418 1129 4480 quam
1152 4397 1393 4481 appellationem

163 4497 285 4581 primus
300 4496 398 4559 iudex
415 4494 568 4579 impedire
583 4494 673 4559 nulla
687 4518 828 4581 unquam
844 4498 965 4563 mtione
979 4499 1105 4583 poterit.
1140 4499 1280 4565 Interim
1295 4499 1393 4565 nulla·

162 4608 254 4663 tenua
269 4600 471 4685 permittetur
485 4598 630 4683 partibus
645 4622 745 4664 novas
759 4601 888 4686 nuptias
903 4602 994 4667 inire.
