3142 5242
483 478 537 525 na
565 479 722 526 rrruao
751 480 1083 528 onnrunrroms.
1335 461 1397 524 207

166 634 294 702 concedi
315 635 406 702 solet.
452 635 662 702 Meminerint
681 645 788 702 autem
809 637 985 724 superiores
1002 660 1039 703 eo
1057 660 1150 724 parce
1167 635 1322 701 utendum
1336 632 1398 699 sibi

166 761 252 825 esse3
274 762 376 827 neque
390 740 475 805 enim
498 739 594 805 titulo
608 739 776 805 Missionis
796 763 906 806 omnes
925 741 1046 829 absque
1059 740 1182 806 delectu
1196 740 1292 804 saeris
1305 746 1399 803 erunt

167 842 348 909 Ordinibus
368 843 519 909 initiandi
538 843 653 926 clerici,
668 845 725 930 qui
739 844 781 909 ad
799 845 988 910 missionum
1008 845 1204 909 curriculum
1221 841 1398 906 ineundum

167 957 340 1034 utcumque
360 945 508 1033 dispositi
528 947 708 1015 videantur.
762 947 798 1015 Si
827 949 915 1014 enim
943 949 1035 1014 iuxta
1063 973 1088 1014 s.
1115 947 1211 1013 Pauli
1240 943 1398 1010 monitum

167 1074 281 1116 manus
301 1052 423 1116 nemini
437 1052 501 1117 cito
514 1051 734 1138 imponendae,
749 1051 784 1117 id
805 1053 1008 1140 potissimum
1023 1052 1119 1135 valet,
1134 1074 1207 1116 cum
1228 1072 1332 1116 sermo
1352 1056 1399 1113 est

165 1153 207 1220 de
219 1154 260 1220 iis
274 1156 329 1242 qui
346 1156 381 1220 in
395 1155 532 1220 arduum
547 1156 727 1243 Apostolici
743 1157 913 1222 ministerii
931 1179 1012 1243 opus
1031 1165 1246 1221 assumuntur.
1290 1146 1401 1233 Quare

165 1258 219 1324 hic
239 1259 356 1325 titulus
375 1259 577 1325 adhibendus
596 1261 658 1325 erit
679 1260 715 1325 in
736 1283 847 1326 eorum
863 1260 1033 1326 dumtaxat
1054 1259 1206 1342 favorem,
1221 1258 1278 1345 qui
1299 1256 1400 1323 animi

158 1363 275 1429 ¹indole
295 1373 328 1428 et
348 1361 519 1446 docilitate,
541 1363 728 1428 intentionis
748 1364 947 1447 rectitudine,
968 1363 1149 1449 aptitudine
1173 1361 1304 1449 ingenii,
1325 1382 1401 1448 pro-

165 1466 249 1532 fectu
273 1466 309 1532 in
333 1468 430 1533 sacris
453 1465 579 1550 studiis,
602 1489 729 1532 morum
754 1468 946 1555 integritate,
972 1490 1009 1532 ac
1032 1490 1140 1532 rerum
1166 1465 1401 1530 mundanarum

165 1581 360 1658 contemptu,
375 1594 465 1658 spem
486 1570 615 1654 faciant,
630 1594 696 1636 sese
716 1582 862 1637 strenuos
883 1571 1011 1636 futuros
1032 1571 1102 1637 fore
1117 1568 1290 1656 Evangelii
1311 1590 1402 1656 prae-

165 1697 281 1758 cones3
308 1697 492 1764 superque
514 1673 699 1741 eorumdem
723 1675 924 1762 superiorum
946 1675 1137 1741 conscientia
1158 1674 1303 1739 districte
1326 1694 1402 1737 one-

166 1788 266 1845 ratur.

210 1887 242 1950 8.
264 1883 342 1949 Non
363 1895 452 1950 secus
472 1907 510 1950 ae
529 1882 655 1950 alumni
677 1883 884 1972 collegiorum
906 1883 1161 1968 Pontificiorum,
1177 1883 1202 1948 ii
1221 1880 1402 1970 omnesqui
1454 1946 1456 1950 Α

165 1986 262 2053 titulo
288 1987 454 2054 Missionis
482 1989 567 2053 inter
589 2010 694 2053 saeros
723 1989 886 2055 ministros
914 1986 1056 2074 cooptari
1084 1988 1231 2073 cupiunt,
1255 1995 1404 2051 tenentur

167 2092 256 2177 prius
269 2092 485 2158 iuramentum
499 2093 653 2175 emittere,
667 2114 733 2179 quo
746 2092 923 2178 spondeant
937 2092 1080 2157 missioni
1095 2092 1147 2156 cui
1163 2090 1314 2156 destinati
1328 2096 1404 2154 sunt

166 2194 219 2260 vel
234 2181 488 2279 destinabuntur,
502 2218 536 2262 se
557 2195 627 2262 scre
647 2205 833 2283 perpetuam
853 2219 984 2283 operam
997 2194 1148 2278 datur0s;
1169 2194 1259 2283 quod
1272 2193 1403 2281 quidem

166 2298 208 2364 ab
229 2299 270 2365 iis
290 2300 348 2385 qui
373 2299 434 2365 hoc
453 2299 551 2366 titulo
575 2299 642 2365 frui
664 2299 789 2383 volunt,
811 2299 845 2367 S.
868 2299 964 2366 Sedes
986 2308 1024 2364 ut
1044 2300 1243 2382 missionum,
1265 2319 1404 2384 quarum

166 2403 349 2489 sumptibus
371 2404 423 2468 illi
445 2403 588 2487 aluntur,
610 2404 742 2470 servitio
764 2404 950 2487 consuleret,
972 2404 1101 2491 exigere
1125 2411 1305 2468 constanter
1327 2424 1404 2465 mn·

166 2507 281 2573 suevit.
326 2505 417 2572 Huic
431 2506 642 2573 Instructioni
664 2508 863 2573 subnectitur
880 2507 1001 2573 Forma
1020 2508 1112 2573 istius
1130 2505 1308 2571 Iuramenti
1323 2504 1404 2570 iaru-

166 2609 292 2697 pridem
313 2611 489 2697 approbata
508 2631 633 2698 usuque
653 2620 787 2697 recepta,
801 2634 934 2697 eamque
955 2610 996 2676 ab
1015 2611 1166 2677 omnibus
1187 2608 1404 2695 usmpandam

167 2736 241 2795 csse,
256 2725 294 2780 ut
308 2714 511 2781 uniformitas
533 2714 593 2780 hac
613 2737 709 2802 super
722 2737 758 2781 re
771 2725 925 2798 servetur,
940 2715 1072 2781 omnino
1092 2713 1247 2803 praecipit
1267 2712 1301 2779 S.
1318 2712 1404 2778 Con-

166 2819 319 2907 gregatio.

211 2924 243 2989 9.
267 2922 401 2989 Nme
415 2947 481 2989 non
495 2932 552 3008 est,
567 2924 676 3012 utqui
690 2923 733 2989 ad
747 2945 788 2990 ss.
804 2923 944 2989 Ordines
962 2923 1023 2988 hoo
1037 2923 1134 2988 titulo
1148 2921 1331 2988 evehendus
1345 2930 1403 3005 est,

167 3027 330 3092 actualiter
342 3027 377 3092 in
392 3029 542 3094 missione
555 3037 709 3111 versetur,
724 3028 779 3093 sed
794 3025 920 3110 sufficit,
932 3035 970 3092 ut
983 3036 1113 3114 paratus
1126 3026 1169 3091 sit
1181 3025 1224 3091 ad
1239 3026 1404 3090 missiones

167 3129 338 3214 obeundas,
352 3132 482 3218 quando
496 3141 528 3198 et
542 3130 704 3220 quomodo
716 3132 903 3218 superiores
922 3131 996 3196 ¹eum
1014 3130 1208 3195 mittendum
1225 3129 1404 3195 censuerint

166 3256 204 3300 ac
218 3234 265 3299 ire
279 3234 418 3302 iubeant.
459 3224 464 3234 „

213 3340 264 3405 10.
289 3338 358 3423 Eis,
372 3340 430 3428 qui
450 3340 512 3406 hoc
526 3340 622 3407 titulo
636 3350 712 3408 sunt
725 3339 875 3424 ordinati,
889 3340 925 3406 vi
945 3339 1088 3426 praestiti
1111 3338 1282 3404 iuramenti
1305 3337 1403 3402 inter-

166 3441 283 3508 dicitur
306 3444 341 3508 in
364 3443 568 3531 Religionem
589 3445 715 3533 ingredi
736 3445 856 3531 absque
876 3445 971 3510 venia
992 3444 1026 3510 S.
1041 3443 1153 3526 Sedis3
1175 3444 1243 3508 eius
1266 3464 1403 3528 namque

166 3546 286 3613 iudicio
299 3559 495 3614 reservatum
510 3558 567 3632 est,
581 3550 713 3636 praevia
726 3548 903 3631 Onlinarii,
917 3549 968 3612 cui
985 3548 1137 3631 intererit,
1152 3547 1304 3612 relatione
1318 3545 1402 3609 iudi-

166 3673 247 3734 care,
261 3661 372 3718 utrum
394 3653 593 3737 missionum,
607 3676 743 3740 quarum
764 3651 895 3718 servitio
910 3651 933 3716 ii
948 3661 1024 3716 sunt
1045 3651 1174 3734 addicti,
1189 3651 1354 3715 necessitas
1369 3650 1403 3715 id

167 3755 317 3842 patiatur.
360 3755 487 3822 Scilicet
514 3756 681 3844 publicum
710 3757 832 3823 bonum
860 3757 988 3843 privato
1016 3755 1182 3822 antecellat
1207 3764 1340 3840 oportet,
1367 3777 1403 3819 ea

168 3858 321 3924 nimirum
344 3861 475 3943 ratione,
490 3883 554 3947 qua
575 3861 737 3948 aliquibus
752 3861 933 3926 Ordinibus
954 3881 1135 3924 mneessum
1157 3867 1214 3942 est,
1230 3882 1271 3924 ne
1292 3882 1402 3924 eorum

168 3963 324 4051 religiosis
351 3963 393 4029 ad
422 3966 588 4030 arctiorem
618 3966 686 4030 sine
715 3987 847 4030 suorum
879 3964 1081 4050 superiorum
1110 3961 1241 4029 licentia
1269 3964 1404 4029 transire

168 4065 215 4133 ias
238 4069 290 4134 sit.

213 4173 263 4238 11.
288 4173 572 4253 Quemadmodum
594 4174 650 4239 alii
671 4173 770 4257 tituli,
787 4173 832 4240 ita
851 4173 948 4239 etiarn
970 4174 1032 4257 hic,
1047 4172 1088 4240 de
1102 4196 1166 4260 quo
1180 4173 1298 4261 agitur,
1314 4172 1406 4238 iuxta

168 4276 334 4342 canonicas
358 4278 534 4343 sanctiones
557 4279 662 4344 amitti
687 4288 801 4365 potest,
824 4288 920 4366 atque
941 4278 983 4344 ab
1006 4277 1188 4342 Ordinariis
1212 4277 1341 4360 auferri,
1365 4277 1406 4353 de

168 4401 323 4445 consensu
344 4390 450 4447 tamen
473 4381 507 4449 S.
531 4382 805 4469 Congregationis,
827 4383 917 4447 cuius
939 4390 986 4447 est
1010 4382 1056 4446 sie
1076 4380 1240 4446 ordinatos
1261 4380 1406 4466 praestiti

170 4482 338 4549 iuramenti
354 4485 486 4551 vinculo
508 4486 680 4552 exsolvere.
725 4485 824 4566 Quod
846 4485 874 4550 si
895 4486 1012 4551 amisso
1034 4483 1130 4550 titulo
1150 4484 1335 4570 generatim,
1350 4492 1407 4548 aut

170 4586 264 4652 etiam
280 4587 378 4653 titulo
392 4587 569 4672 Missionis
583 4588 665 4654 alter
678 4590 708 4654 ei
723 4612 787 4654 uon
802 4589 1022 4671 substituatur,
1038 4587 1188 4652 Sacerdos
1203 4586 1289 4651 haud
1310 4609 1407 4674 prop-
