3142 5242
168 450 234 514 284
662 471 906 521 arrunmx.

167 633 278 691 contra
299 624 475 694 Ecclesiam
496 626 550 696 vel
572 627 732 715 legitimas
752 636 920 715 potestates
942 627 1176 711 machinantur,
1189 626 1262 693 sive
1274 624 1311 691 id
1323 624 1397 691 clam

167 727 238 794 sive
256 728 365 817 palam
386 729 529 816 fecerint,
550 731 621 799 sive
641 732 806 818 exegerint
827 732 897 796 sive
917 753 994 815 non,
1014 751 1036 795 a
1056 729 1125 796 suis
1144 729 1275 795 asseclis
1296 728 1399 795 soereti

166 832 317 897 servandi
331 834 555 902 iuramentum.

210 937 264 1002 4⁰.
294 935 426 1003 Praeter
446 938 522 1005 istas
542 947 619 1005 sunt
639 948 672 1005 et
691 939 774 1005 aliae
794 948 896 1006 sectae
915 938 1095 1027 prohibitae
1107 948 1205 1026 atquc
1218 938 1282 1004 sub
1295 937 1399 1026 gravis

167 1040 279 1126 culpae
299 1051 389 1107 reatu
410 1042 570 1127 vitandae,
585 1043 668 1109 inter
689 1058 769 1130 quas
790 1043 960 1131 praecipue
972 1042 1180 1109 recensendae
1192 1041 1272 1107 illae
1284 1063 1399 1123 ornnes,

167 1166 248 1232 qnae
271 1168 293 1212 a
316 1147 521 1213 sectatoribus
545 1157 700 1213 secretum
728 1146 850 1213 nemini
878 1146 1103 1234 pandendum,
1120 1154 1155 1213 et
1181 1144 1399 1211 omnimodam

167 1248 379 1316 ebulientiam'
415 1251 547 1317 occultis
582 1249 717 1317 ducibus
752 1250 976 1338 praestandam
1012 1249 1223 1316 iureiurando
1258 1249 1398 1337 exigunt

167 1352 500 1421 Animadvertendum
529 1356 660 1443 insuper
686 1365 744 1439 est,
768 1355 877 1421 adesse
911 1354 1085 1420 nonnullas
1118 1355 1286 1421 societates
1312 1376 1398 1442 qnae,

166 1455 241 1523 licet
260 1468 345 1524 certo
366 1459 465 1525 statui
486 1468 632 1547 nequeat,
648 1460 827 1546 pertineant
849 1481 947 1525 necne
966 1457 1009 1525 ad
1029 1457 1088 1524 has
1108 1481 1190 1547 quas
1209 1458 1399 1525 memoravi·

167 1584 249 1645 mue,
270 1561 387 1628 dubiae
406 1571 514 1628 tamen
536 1571 569 1630 et
589 1563 722 1651 periculi
743 1562 856 1651 plenae
875 1571 962 1647 sunt,
983 1571 1055 1628 turn
1076 1562 1120 1629 ob
1138 1561 1305 1629 doctrinas
1325 1584 1399 1651 quas

165 1667 366 1752 profitentur,
388 1675 459 1733 tum
488 1666 531 1733 ob
559 1666 675 1755 agendi
703 1667 859 1733 rationem
887 1689 987 1755 quam
1014 1675 1194 1755 sequuntur
1223 1666 1262 1751 ii,
1285 1666 1398 1754 quibus

165 1768 300 1836 ducibus
328 1771 416 1858 ipsae
443 1772 629 1837 coaluerunt
656 1781 689 1837 et
717 1768 881 1859 reguntur.
940 1770 997 1836 Ab
1025 1771 1078 1836 his
1105 1771 1203 1837 etiam
1240 1792 1398 1836 sacrcrmn

165 1873 345 1959 Antistites,
357 1875 475 1962 quibus
488 1899 640 1964 germana
653 1874 776 1941 Christi
791 1875 869 1940 fides
883 1884 916 1941 et
929 1897 1056 1941 morum
1067 1875 1234 1962 integritas
1245 1874 1398 1940 maximae

164 2000 257 2044 curae
277 2001 344 2044 esse
364 1979 467 2062 debet,
482 1980 632 2046 noverint
651 2001 729 2046 oves
749 2001 824 2045 suas
843 1978 1047 2045 deterrendus
1061 1986 1094 2044 et
1106 1978 1262 2044 arcendas
1281 2000 1357 2058 esse,
1369 1985 1399 2042 et

164 2105 201 2149 eo
222 2083 352 2171 quidem
373 2083 570 2171 diligentius,
584 2082 672 2170 quod
686 2083 902 2149 observatam
915 2083 957 2148 ab
970 2082 1084 2148 iisdem
1101 2081 1267 2169 quandam
1288 2082 1397 2148 hones·

163 2187 238 2252 tatis
259 2188 394 2274 speciem
415 2187 611 2274 corruptelae
631 2186 822 2274 periculum,
836 2185 925 2275 qnod
946 2186 982 2252 in
1003 2185 1083 2272 ipsis
1099 2184 1188 2269 latet,
1203 2184 1398 2252 difficiliusa

162 2290 362 2376 simplicibus
390 2291 575 2378 praesertim
611 2289 796 2355 hominibus
824 2298 857 2355 et
884 2288 1136 2356 adolescentibus
1172 2289 1344 2376 persentiri
1369 2298 1398 2353 et

162 2395 342 2481 praecaveri
357 2395 483 2482 poterit.
1292 2412 1298 2423 ·

207 2500 258 2564 5⁰.
288 2497 372 2563 Rem
382 2497 518 2584 proinde
527 2497 646 2564 facient
659 2498 740 2565 sacri
755 2497 902 2564 Pastores
915 2497 984 2565 suis
997 2498 1113 2565 ovibus
1125 2496 1277 2585 apprime
1290 2496 1396 2563 utilem

161 2612 194 2667 et
221 2601 390 2667 Sanctitati
415 2601 498 2667 Serae
522 2603 762 2689 periucundum,
784 2602 812 2667 si
837 2613 962 2690 praeter
985 2623 1155 2667 commune
1183 2609 1217 2667 et
1246 2602 1396 2667 usitatum

161 2705 368 2772 concionandi
390 2728 500 2792 gelius,
522 2705 609 2792 qnod
638 2706 769 2771 omnino
798 2704 1000 2770 retinendum
1021 2716 1078 2787 est,
1095 2702 1186 2769 illud
1214 2703 1396 2792 adiungam,

161 2809 249 2897 quod
270 2809 477 2875 defendendis
498 2810 662 2875 catholicis
677 2809 865 2877 veritatibus
887 2808 1031 2874 adhiberi
1046 2809 1136 2891 solet,
1151 2818 1184 2873 et
1198 2810 1396 2895 aptissimum

161 2923 207 2978 cst
232 2914 441 3001 profligandis
466 2914 636 2996 erroribus,
659 2936 740 3000 quos
765 2913 862 2978 latius
887 2922 921 2978 et
945 2915 1089 2979 maximo
1114 2936 1189 2977 cum
1218 2913 1396 2977 animarum

161 3016 352 3082 detrimento
371 3017 467 3082 hodie
488 3017 687 3082 disseminari
703 3016 908 3104 Apostolicac
927 3017 1071 3082 Litterae
1087 3016 1279 3080 Humanum
1298 3015 1398 3081 Gaza

161 3120 339 3208 deplorant.
385 3120 484 3202 Quod
506 3120 636 3209 quidem
658 3120 866 3186 concionandi
888 3142 990 3208 genus
1018 3130 1090 3185 tum
1119 3119 1182 3184 erit
1209 3120 1397 3184 christianae

163 3225 249 3311 plebi
278 3225 534 3308 saluberrimum,
557 3249 631 3289 cum
653 3225 800 3290 refutatis
824 3226 996 3306 erroribus,
1019 3224 1210 3288 christianae
1237 3223 1397 3289 doctrinae

162 3330 242 3411 vim,
267 3330 493 3416 praestantiam
522 3338 554 3394 et
584 3328 755 3393 utilitatem
780 3327 921 3393 dilucide
945 3337 978 3393 et
1006 3328 1119 3394 ordine
1147 3327 1347 3413 explanabit,
1367 3335 1397 3390 et

161 3455 302 3498 amorem
315 3456 390 3518 erga
403 3432 590 3497 catholicam
607 3433 792 3515 Ecclesiam,
807 3454 888 3518 qnae
898 3432 1031 3497 eaindcm
1046 3431 1226 3496 doctrinam
1241 3431 1396 3518 integram

162 3537 441 3622 incorruptamque
455 3547 572 3618 servat,
588 3537 622 3600 in
637 3537 753 3601 animis
768 3535 951 3601 auditorum
965 3535 1126 3601 excitabit.

206 3642 258 3707 60.
289 3640 373 3706 Cum
395 3664 472 3705 vcro
495 3640 854 3705 vaferrimis'scctarum
874 3640 998 3704 artibus
1019 3638 1252 3727 fraudibusque
1277 3638 1396 3705 adoles·

160 3755 273 3827 centes,
288 3766 442 3831 pauperes
462 3744 597 3808 artifices
618 3752 651 3808 et
671 3743 808 3829 operarii
830 3742 955 3807 facilius
976 3742 1062 3807 allici
1077 3750 1110 3808 et
1123 3743 1195 3828 capi
1210 3742 1342 3826 soleant,
1356 3741 1395 3807 ad

161 3850 221 3914 hos
234 3848 330 3913 etiam
345 3847 517 3934 pccnlimcs
538 3870 632 3911 cinae
653 3856 730 3912 sunt
750 3846 990 3912 convertendae.
1036 3846 1147 3933 Atque
1163 3845 1205 3911 ad
1219 3847 1395 3910 incenatum

161 3951 248 4039 qued
261 3952 385 4034 attinet,
399 3950 609 4015 adnitendum
624 3973 824 4036 summopere
837 3959 894 4033 (st,
910 3958 947 4014 nt
960 3973 980 4015 a
993 3951 1109 4014 teneris
1123 3950 1218 4014 annis
1232 3959 1300 4014 tam
1314 3950 1395 4013 intra

161 4055 349 4121 domesticos
370 4055 514 4141 parietes,
537 4077 634 4140 qnam
656 4054 692 4118 in
712 4054 842 4140 templis
863 4064 896 4120 et
917 4056 950 4120 in
973 4055 1090 4119 scholis
1118 4051 1161 4118 ad
1190 4054 1394 4119 christianam

162 4161 266 4242 ficlcm,
281 4160 532 4243 christianosque
549 4181 651 4222 mores
672 4169 815 4223 accurate
837 4158 1037 4240 informetur,
1052 4169 1084 4223 et
1098 4167 1224 4223 mature
1238 4158 1393 4239 doceatur,

161 4286 225 4349 qna
246 4265 368 4327 ratione
388 4261 450 4324 sibi
472 4261 513 4325 ab
535 4261 661 4325 insidiis
681 4262 949 4328 tenebricosarum
970 4272 1126 4326 sectarum
1148 4285 1262 4326 (avere
1275 4260 1393 4342 debeat,

160 4368 248 4430 nesi
272 4368 307 4430 in
328 4388 438 4430 earum
461 4365 590 4451 laqueos
620 4365 776 4448 inciderit,
797 4356 841 4431 sit
863 4367 926 4453 ipsi
947 4366 1158 4452 imposterum
1179 4375 1248 4430 tam
1277 4365 1394 4452 iniquis
1445 4371 1447 4375 ‘

160 4465 299 4533 dominis
310 4469 452 4533 maximo
462 4490 536 4532 eum
546 4478 689 4533 aeternae
698 4469 810 4534 salutis
820 4480 852 4534 et
862 4470 1020 4534 humanae
1030 4468 1394 4555 dignitatisdetrimento

160 4569 343 4654 turpissime
364 4571 578 4637 serviendum.
624 4570 787 4636 Iuvenum
810 4572 1022 4637 incolumitati
1048 4572 1184 4659 perbene
1214 4572 1394 4639 consultum
