3142 5242
401 951 420 1004 ⁶
477 959 784 1058 RESPONSA
820 957 863 1056 S.
895 954 1063 1053 SEDIS

387 1146 470 1242 AD
506 1141 855 1241 POSTULA'IA
892 1137 1159 1236 multum.

626 1563 656 1638 Ι.
687 1562 926 1636 Decumum.

203 1749 259 1815 Dr.
282 1750 406 1814 Fnsms
427 1748 460 1813 S.
484 1747 656 1811 Pmmrrr
679 1765 704 1810 A
727 1745 827 1827 Jeep,
849 1744 882 1810 S.
907 1744 1063 1827 Tnamn,
1087 1761 1133 1808 nr
1153 1743 1187 1810 S.
1211 1742 1350 1808 Fatue.

703 1865 848 1930 Somm.

413 2038 574 2102 Aeaeae
594 2035 844 2122 melcoma
863 2057 917 2099 aa
938 2035 1139 2101 ammom..

203 2195 279 2275 Quo
300 2194 400 2281 pietas
419 2215 456 2257 ac
476 2190 604 2256 devotio
625 2199 780 2276 augeatur
798 2211 873 2276 erga
894 2189 928 2255 S.
950 2189 1142 2276 Philippum
1160 2212 1181 2254 a
1199 2188 1291 2273 Iesu,
1306 2187 1395 2253 Mar-

160 2304 274 2383 tyrem,
302 2299 359 2384 qui
397 2298 431 2360 in
463 2295 613 2360 Amerita
648 2304 756 2358 ort-um
792 2293 916 2375 habuit,
950 2315 1072 2359 necnon
1107 2292 1165 2359 SS.
1195 2291 1397 2360 Confessotes

161 2400 341 2484 Turibium,
357 2399 545 2466 Pontificem
565 2421 601 2463 ac
622 2398 829 2462 Franciscum
850 2395 1016 2480 Solauum,
1030 2397 1088 2484 qui
1109 2395 1397 2485 praedicationem

161 2505 319 2570 virtutum
333 2503 500 2592 splendore
514 2502 682 2566 Ameriae
701 2501 801 2587 ipsius
819 2501 964 2587 regiones
982 2500 1207 2584 illustrarunt3
1228 2501 1397 2568 Sacrorum

163 2608 332 2675 Antistitcs
356 2607 546 2672 dioecesium
570 2607 604 2670 in
630 2604 774 2671 Statibus
799 2604 985 2670 Foederatis
1009 2605 1177 2672 Ameriae
1200 2606 1397 2694 Septentrio-

163 2713 255 2797 nalis,
274 2713 307 2776 in
327 2711 471 2800 plenaria
491 2709 623 2796 Synodo
644 2708 869 2774 Baltimoreusi
891 2708 1001 2774 Tertia
1021 2709 1200 2793 coadunati,
1217 2710 1276 2778 SS.
1292 2710 1336 2778 D.
1352 2711 1396 2777 N.

165 2815 304 2881 Leonem
327 2817 396 2881 ΡΡ.
412 2815 524 2880 XIII.
539 2814 633 2878 enixe
654 2822 819 2898 rogarunt,
840 2821 879 2878 ut
903 2814 938 2878 iu
960 2813 1169 2880 Kalendariis
1192 2839 1230 2881 ac
1253 2815 1398 2903 Propriis

165 2921 409 3006 respectivarum
431 2917 621 2987 dioecesium
642 2917 704 2981 sub
725 2918 790 2982 ritu
812 2917 936 3004 duplici
957 2919 1075 2984 minori
1097 2919 1195 2986 Festa
1215 2921 1400 2986 eorumdem

165 3022 352 3088 Sanctomm
372 3022 501 3088 inscribi
523 3021 671 3103 valeant,
693 3020 847 3086 nimirum
861 3021 914 3087 die
929 3026 950 3087 5
966 3023 1148 3107 Februarii,
1161 3023 1196 3091 S.
1212 3025 1362 3114 Philippi
1380 3050 1401 3092 a

167 3125 254 3210 Jesu,
269 3127 435 3212 Martyris,
449 3149 524 3190 cum
539 3124 643 3190 officio
657 3123 697 3190 de
711 3125 895 3208 Commum,
910 3125 1076 3211 Oratione,
1091 3128 1298 3196 lectionibus
1314 3149 1354 3198 11.
1368 3142 1402 3198 et

168 3248 220 3296 111.
250 3231 419 3314 Nocturni,
449 3252 573 3295 necnon
606 3228 815 3315 respondente
846 3228 959 3314 Missa,
988 3230 1164 3320 desumptis
1191 3257 1232 3300 ex
1265 3235 1401 3323 Proprio

167 3334 441 3399 Archidioeceseos
463 3333 648 3398 Mexicanae
659 3359 667 3415 ;
689 3332 742 3398 die
763 3334 805 3398 27
820 3333 957 3421 Aprilis,
974 3334 1008 3401 S.
1029 3336 1158 3403 Turibii
1179 3339 1276 3406 Cous.
1292 3339 1401 3423 Pont,

168 3460 240 3502 cum
261 3437 364 3503 officio
384 3461 421 3502 ac
441 3437 544 3502 Missa
563 3436 700 3523 sumptis
720 3459 761 3501 ex
781 3436 919 3524 Proprio
938 3439 1192 3526 Hispaniarum:
1212 3467 1251 3509 ac
1271 3443 1403 3509 demum

168 3539 220 3606 ‹lie
241 3544 283 3606 24
305 3542 399 3625 Julii,
420 3540 453 3607 S.
476 3541 638 3605 Francisoi
659 3540 771 3605 Solani
792 3540 1001 3626 Confessoris,
1020 3566 1094 3608 cum
1115 3545 1219 3611 officio
1240 3570 1278 3613 ac
1299 3547 1401 3614 Missa

168 3666 227 3729 pro
241 3644 474 3710 Archidioectsi
491 3644 628 3709 Limana
641 3644 833 3730 approbatis

212 3733 368 3814 Sanctitas
389 3770 485 3834 porro
506 3747 581 3829 Sua,
597 3747 749 3812 referente
769 3749 948 3836 subscripto
969 3750 1138 3818 Sacrorum
1160 3754 1297 3821 Rituum
1315 3756 1401 3822 Con·

168 3853 359 3939 gragatiouis
374 3851 556 3933 Secretario,
572 3851 709 3937 benigne
729 3851 763 3915 in
778 3854 928 3918 omnibus
942 3877 1081 3921 annuere
1094 3856 1226 3944 dignata
1244 3870 1293 3925 est
1306 3830 1401 3947 juxta

169 3978 283 4040 proca,
319 3955 453 4020 servatis
490 3954 649 4019 Rubricis.
718 3954 895 4021 Contrariis
931 3980 995 4023 non
1033 3959 1233 4027 obstantibus
1269 3963 1402 4050 quibus-

169 4080 316 4145 cumque.

214 4161 276 4227 Die
292 4165 332 4227 17
348 4161 552 4247 Septembris
569 4166 664 4228 1885.

216 4266 279 4330 Pro
295 4267 390 4330 Emo.
406 4274 437 4329 et
452 4266 546 4331 Rure.
563 4265 649 4331 Duo.
666 4267 762 4332 Card.
779 4268 822 4333 D.
840 4269 1009 4352 Bartolini,
1025 4272 1058 4336 S.
1076 4273 1116 4337 R.
1134 4273 1171 4339 C.
1190 4273 1358 4358 Proffecto.

519 4371 560 4433 Α.
577 4370 690 4436 (Bran.
707 4371 893 4438 Snmrnu.

563 4473 796 4538 Imunnsmos
814 4476 985 4559 Sanvam,
1001 4479 1034 4543 S.
1051 4479 1092 4544 R.
1109 4480 1146 4546 C.
1163 4481 1356 4547 &matarius
