3204 5242
686 499 929 547 APPENDIX.

279 755 507 830 Rasrousm
532 757 569 831 S.
595 756 639 831 Ο.
667 777 720 829 nn
755 755 966 830 Bermsuo
1003 755 1337 832 Hlnnauoonmr

566 892 700 956 Quoto
728 871 1054 946 Mnrnmomun.

627 1037 701 1125 [Ad
716 1061 752 1124 p.
770 1041 823 1120 63,
838 1060 870 1103 ιι.
894 1038 985 1124 122]

231 1192 411 1279 Episcopus
421 1192 635 1258 Savannensis
645 1192 778 1278 exponit
787 1191 876 1279 quod
887 1192 970 1257 inter
980 1190 1247 1258 ceterosdifficilis
1255 1193 1428 1261 solutionis

185 1318 285 1380 casus,
306 1297 365 1383 qui
390 1297 425 1361 in
451 1296 503 1361 his
528 1296 778 1362 Foederatorum
800 1296 967 1361 Amerioae
987 1295 1252 1382 Septentrionalis
1273 1297 1427 1364 Statuum

184 1400 398 1466 ecclesiasticis
424 1401 609 1487 provinciis,
630 1423 668 1465 ac
692 1400 727 1464 iu
752 1399 812 1465 hac
836 1422 964 1487 quoque
989 1422 1059 1465 mea
1083 1398 1217 1465 dioecesi
1242 1414 1427 1485 occurrunt,

184 1505 341 1591 reperitur
355 1506 452 1570 etiam
471 1527 614 1592 sequens.

227 1607 425 1695 Frequenter
445 1609 611 1696 contingit,
627 1617 664 1674 ut
685 1609 750 1675 duo
772 1608 937 1674 acatholici
960 1609 1043 1673 inter
1063 1631 1097 1673 se
1117 1610 1337 1676 contraxerint
1356 1635 1428 1677 ma-
1514 1678 1518 1683 ,

182 1713 372 1777 trimonium
386 1721 419 1778 et
432 1713 598 1800 ignoretur
611 1722 720 1777 utrum
742 1713 812 1777 sive
834 1721 966 1799 uterque
980 1713 1050 1779 sive
1063 1712 1217 1778 alteruter
1231 1712 1331 1779 fuerit
1345 1715 1427 1802 bap-

182 1817 308 1882 tizatus.
354 1816 526 1884 Eiusmodi
547 1816 761 1882 matrimoniis
783 1815 867 1881 inter
887 1815 969 1882 duos
989 1815 1188 1899 anatholium,
1203 1827 1261 1882 aut
1274 1819 1345 1884 sine
1358 1819 1427 1885 dis-

182 1921 367 2007 pensatione
389 1921 472 1985 inter
492 1919 684 1986 catholicum
705 1942 807 1984 unum
828 1930 861 1985 et
880 1920 1094 1986 acatholicum
1108 1920 1256 2005 alterum,
1271 1922 1374 2006 initis,
1389 1924 1426 1988 in

182 2024 274 2089 nulla
293 2047 335 2089 ex
357 2023 550 2089 dioecesibus
574 2024 691 2089 nostris
715 2023 822 2089 obstat
850 2024 1116 2111 impedimentum
1146 2024 1425 2095 clandestinitatis.

182 2127 355 2194 Contracto
377 2129 423 2194 ita
443 2128 658 2212 matrimonio,
672 2126 761 2193 haud
782 2150 855 2193 raro
876 2129 993 2212 evenit,
1009 2137 1047 2193 ut
1059 2151 1204 2216 compara
1225 2140 1427 2216 campartem

181 2231 315 2298 deserat.
359 2231 440 2298 Post
460 2231 592 2318 aliquod
613 2240 741 2318 tempus
762 2242 867 2319 partes
882 2233 928 2298 ita
940 2243 1102 2319 separatae
1115 2256 1181 2299 non
1203 2232 1427 2321 infrequenter

180 2335 222 2400 ad
235 2335 316 2400 alias
330 2336 461 2422 nuptias
475 2335 648 2401 convolant
660 2336 830 2422 superstite
844 2335 945 2401 altera
958 2346 1058 2423 parte.
1140 2378 1145 2385 -

223 2438 297 2505 Scio
324 2439 472 2526 equidem
501 2462 576 2504 casn
605 2462 680 2526 quo,
701 2449 841 2526 spectata
868 2440 1023 2526 qualitate
1051 2441 1278 2528 probationum
1303 2466 1365 2530 pro
1392 2454 1426 2511 et

179 2553 301 2626 contra,
315 2543 482 2609 dubitetur
502 2566 583 2607 num
605 2543 659 2609 vel
680 2543 773 2608 alteri
794 2543 848 2609 vel
870 2545 999 2631 utrique
1027 2545 1113 2632 parti
1138 2545 1292 2611 collatum
1323 2547 1426 2613 fuerit

179 2647 348 2733 baptisma,
362 2647 513 2712 standum
527 2670 593 2712 ease
610 2669 670 2733 pro
684 2647 793 2712 valore
810 2647 1007 2713 matrimonii
1023 2672 1097 2713 cum
1111 2649 1171 2714 tuli
1185 2650 1286 2716 dubio
1299 2675 1338 2716 ac
1352 2653 1425 2718 sine

179 2750 415 2836 dispensatione
428 2752 581 2816 contracti
592 2774 692 2837 usque
706 2750 785 2815 dum
800 2775 866 2816 non
880 2762 1001 2817 constet
1012 2752 1095 2816 illud
1107 2753 1205 2818 fuisse
1216 2754 1423 2838 invalidum;

180 2877 292 2920 verum
314 2855 533 2919 deficientibus
553 2856 664 2919 ceteris
686 2878 744 2941 pro
765 2866 901 2942 utmque
925 2856 1017 2920 dubii
1040 2867 1131 2943 parte
1155 2857 1422 2943 probationibus:

228 2959 352 3043 Quaero
363 2982 442 3023 num
458 2959 492 3022 in
507 2959 618 3024 ordine
628 2959 669 3024 ad
682 2960 878 3023 matrimonii
893 2962 1045 3025 contracti
1061 2960 1261 3026 validitatem
1276 2962 1331 3028 vel
1346 2965 1423 3028 nul-

180 3062 302 3126 litatem
316 3062 445 3127 collatio
460 3063 512 3129 vel
528 3086 593 3127 non
608 3063 737 3128 collatio
750 3063 909 3149 baptismi,
921 3062 1000 3127 dum
1012 3064 1188 3150 ignoratur,
1203 3088 1244 3130 ex
1258 3066 1423 3153 principio

179 3167 447 3253 praesumptionis
468 3166 649 3232 definienda
670 3168 722 3232 sit.
768 3166 812 3230 In
833 3167 941 3232 dubiis
956 3166 990 3231 id
1004 3166 1143 3232 affirmat
1163 3167 1367 3235 doctissimus
1389 3173 1421 3237 b.

180 3293 222 3336 m.
245 3271 397 3355 Archiep.
421 3271 510 3336 Patr.
535 3270 701 3352 Kenrick;
732 3271 765 3334 in
789 3270 950 3357 theologia
971 3272 1058 3335 enim
1087 3295 1146 3336 sua
1175 3272 1289 3337 morali
1313 3274 1421 3360 (tract

180 3394 263 3439 XXI.
289 3398 321 3440 n.
348 3376 416 3461 48.)
442 3375 519 3439 haec
544 3375 640 3439 habet
673 3374 737 3439 “si
763 3374 804 3439 de
828 3375 983 3439 consortis
1009 3375 1169 3460 baptismo
1195 3399 1261 3441 non
1286 3389 1421 3461 constet,

179 3501 239 3544 nec
252 3490 375 3544 certum
391 3478 500 3543 haberi
515 3490 611 3564 queat
624 3479 853 3562 testimouium,
866 3479 899 3542 in
914 3502 983 3543 eam
999 3480 1195 3565 propendere
1210 3491 1334 3567 oportet
1348 3506 1423 3547 sen-

179 3584 312 3647 tentiam
334 3583 375 3647 de
397 3583 555 3668 baptismo
577 3592 609 3646 et
630 3583 827 3646 matrimonii
848 3582 967 3664 valore,
983 3585 1033 3647 cui
1058 3584 1169 3648 fuerent
1185 3584 1303 3649 indicia
1317 3596 1349 3650 et
1363 3587 1423 3652 ad-

181 3686 319 3752 iuncta.''
363 3686 504 3766 Quodsi
520 3695 602 3750 recte
617 3687 662 3750 ita
675 3686 771 3750 sentit
785 3686 933 3750 laudatus
948 3687 1095 3751 Kenrick
1111 3713 1117 3752 :

228 3791 351 3875 Quaero
365 3789 500 3854 ulterius
514 3800 624 3853 utrum
638 3789 716 3853 dum
732 3789 883 3874 baptismi
894 3789 1022 3854 collatio
1035 3793 1210 3877 ignoratur,
1222 3793 1422 3880 principium

180 3893 448 3980 pmesumptionis
462 3893 497 3956 in
511 3894 623 3959 ordine
636 3892 677 3957 ad
692 3894 835 3958 valorem
851 3895 1048 3958 matrimonii
1063 3897 1226 3979 contracti,
1238 3897 1300 3961 rite
1314 3900 1423 3984 appli-

179 4010 267 4063 cetur
281 3997 316 4061 in
330 3998 474 4062 articulis
493 3998 717 4084 sequentibus:

225 4107 253 4167 l.
284 4101 319 4167 Si
342 4125 416 4188 pars
437 4101 490 4168 vel
516 4113 621 4188 partes
645 4102 836 4166 acatholicae
861 4114 1007 4189 parentes
1037 4105 1207 4170 habuerint
1232 4106 1273 4170 ad
1300 4117 1422 4172 sectam
1471 4099 1476 4106 ’

179 4206 381 4291 pertinentes,
396 4228 478 4292 quac
492 4206 686 4290 baptismum
704 4206 834 4290 respuit,
850 4207 981 4270 hicnon
997 4218 1045 4271 est
1060 4208 1320 4294 praesumendum

224 4312 254 4374 2.
285 4309 379 4374 Idem
393 4308 627 4390 resolvendum,
642 4309 669 4373 si
685 4320 831 4395 parentes
845 4310 1016 4375 habuerint
1038 4313 1231 4396 pertinentes
1245 4312 1286 4377 ad
1302 4326 1423 4381 sectam

179 4436 260 4499 quae
283 4413 455 4477 infantium
477 4412 672 4497 baptismum
694 4435 759 4476 non
781 4412 934 4495 admittit,
949 4436 1003 4478 seu
1027 4415 1062 4478 in
1083 4438 1147 4500 qua
1165 4439 1231 4480 non
1253 4419 1424 4484 confertur

180 4518 242 4581 nisi
253 4515 373 4581 adultis
382 4539 414 4580 v.
427 4540 457 4601 g.
470 4538 590 4580 aunum
602 4517 712 4580 aetatis
722 4517 923 4603 trigesimum
935 4517 999 4581 iam
1010 4518 1134 4604 adeptis
1144 4519 1422 4606 quemadmodum

179 4643 229 4684 res
243 4642 276 4685 se
291 4620 435 4683 habetin
450 4628 532 4684 secta
548 4619 776 4705 Baptistarum.
