3142 5242
171 477 211 538 18
300 488 483 535 TITULUS
512 487 665 534 11.-D1·}
693 487 900 533 ransom
929 487 1292 536 EGCLESIAS'I'ICIS.

169 671 413 746 quacumque
429 645 602 719 humana
619 642 820 719 affectione
836 644 1064 742 postposita,
1076 644 1244 720 fideliter
1261 669 1405 722 munus

169 771 406 838 executuros.
458 759 706 858 (laveantque
723 760 1002 859 nequidquam
1019 785 1190 860 prorsus,
1207 761 1404 839 occasione

168 879 286 977 hujus
311 877 513 972 examinis,
540 902 610 952 nec
640 883 730 952 ante
760 900 831 952 nec
863 882 953 976 post
985 876 1196 976 accipiant;
1231 878 1403 979 alioquin

168 995 358 1071 simoniae
374 994 527 1087 vitium,
545 1001 628 1070 tam
645 993 733 1093 ipsi,
752 1018 870 1093 quam
887 993 956 1069 alii
974 995 1112 1069 dantes
1128 993 1354 1090 incurrant;
1380 1021 1405 1071 a

168 1139 247 1212 qua
271 1110 422 1187 absolvi
448 1116 653 1210 nequeant,
672 1109 749 1184 nisi
773 1109 946 1184 dimissis
970 1110 1175 1204 beneficiis,
1193 1137 1293 1211 quae
1309 1138 1402 1212 quo·

168 1230 450 1327 modocumque
474 1227 594 1302 etiam
619 1233 735 1301 antea
759 1226 997 1320 obtinebant,
1014 1232 1055 1302 et
1076 1228 1128 1302 ad
1151 1227 1229 1302 alia
1251 1227 1292 1302 in
1314 1254 1400 1327 pos·

166 1352 295 1420 terum
307 1343 501 1419 inhabiles
514 1342 752 1419 reddantur.'
765 1341 786 1376 ’³
834 1343 914 1441 (Ita
931 1342 1077 1419 Bened.
1095 1343 1224 1437 XIV.,
1242 1346 1291 1419 de
1307 1345 1400 1446 Syn.

168 1461 310 1555 Dioec,
327 1462 395 1537 lib.
414 1483 483 1554 1v.,
501 1485 532 1535 c.
551 1460 586 1554 7,
604 1485 642 1536 n.
662 1461 712 1559 1.)

216 1580 277 1654 24.
303 1577 362 1653 Ut
377 1577 499 1676 igitur
516 1584 687 1652 mentem
712 1577 984 1653 Sacrosauctae
1008 1578 1155 1678 Synodi
1180 1603 1399 1678 sequamur,

166 1695 354 1794 quamdiu
370 1693 570 1793 paroeciae
586 1692 768 1769 canonico
784 1701 932 1769 erectae
949 1719 1027 1768 non
1053 1693 1144 1786 sint,
1160 1694 1401 1771 constituant

165 1811 310 1910 singuli
337 1810 523 1910 Episcopi
548 1809 831 1886 examinatores
854 1809 948 1886 cleri
973 1809 1189 1886 dioecesani
1214 1836 1286 1910 pro
1311 1836 1398 1887 con·

163 1928 341 2003 cursibus
380 1928 431 2003 ad
465 1926 680 2019 missiones,
713 1925 757 2001 in
791 1926 932 2026 quibus
965 1924 1105 2001 rectori
1146 1926 1396 2026 privilegium

164 2045 357 2120 tributum
387 2050 447 2120 est
479 2042 829 2137 inamovibilitatis,
855 2045 907 2118 ad
939 2041 1065 2118 instar
1087 2042 1397 2120 examinatorum

164 2161 411 2260 synodalium
433 2161 496 2237 vel
517 2159 858 2260 prosynodalium;
888 2166 929 2236 et
952 2161 1177 2236 eorumdem
1202 2161 1396 2236 examina·

164 2284 296 2353 torum
321 2302 440 2376 opera
465 2277 601 2352 utilius
626 2283 666 2352 et
690 2276 861 2352 securius
888 2283 1050 2352 utentur
1072 2275 1192 2352 etiam
1217 2276 1301 2352 sive
1326 2303 1396 2377 pro

164 2392 427 2493 approbandis
456 2392 711 2486 confessariis,
741 2392 825 2468 sive
852 2418 926 2493 pro
955 2392 1262 2469 ordinandorum
1293 2418 1394 2469 scru-

163 2510 273 2604 tini0,
297 2509 380 2585 sive
404 2535 477 2609 pro
502 2509 680 2585 examine
707 2508 911 2607 juniorum
936 2511 1190 2603 sacerdotum,
1216 2509 1301 2584 sive
1325 2535 1395 2609 pro

163 2626 431 2702 examinandis
457 2625 626 2701 alumnis
649 2625 717 2724 qui
742 2625 784 2700 in
810 2623 1063 2700 seminarium
1089 2625 1216 2723 majus
1241 2625 1396 2701 admitti

162 2743 313 2819 volunt.
383 2744 451 2817 Ad
492 2742 801 2818 examinatorum
844 2766 987 2817 munus
1029 2749 1279 2817 assumantur
1319 2741 1393 2816 viri

163 2858 407 2934 ecclesiastici
446 2884 600 2933 morum
638 2858 833 2958 probitate
866 2858 1035 2933 maxime
1067 2858 1393 2933 commendabiles

163 2983 212 3069 et,
246 2985 436 3075 quantum
469 2975 553 3050 fieri
587 2975 722 3074 possit,
757 2973 799 3049 in
833 2974 952 3049 sacris
986 2973 1203 3071 disciplinis
1238 2982 1277 3049 et
1306 2974 1394 3072 jure

162 3092 344 3166 canonico
363 3090 541 3190 apprime
558 3091 714 3170 versati.

212 3211 272 3283 25.
309 3208 366 3282 Hi
392 3208 686 3301 examinatores,
704 3208 744 3283 in
764 3215 953 3308 quantum
978 3208 1062 3283 fieri
1087 3215 1227 3308 potest,
1244 3208 1326 3284 sint
1345 3210 1394 3283 ad

163 3325 292 3400 minus
310 3351 387 3400 sex.
436 3325 604 3401 Obtenta
620 3326 802 3400 facultate
819 3326 857 3400 S.
876 3325 997 3418 Sedis,
1016 3325 1233 3423 Episcopus
1250 3325 1393 3423 poterit

162 3442 304 3541 eligere
347 3440 643 3516 Examinatores
685 3449 794 3516 extra
836 3444 1040 3541 synodum,
1075 3441 1220 3516 auditis
1262 3449 1392 3517 tamen

162 3558 456 3633 consultoribus.
508 3558 622 3648 Quod
655 3557 689 3632 si
724 3564 859 3650 morte,
894 3565 963 3633 aut
995 3557 1293 3651 renuntiatione,
1328 3565 1395 3633 aut

162 3675 240 3749 alia
261 3700 376 3749 cansa
401 3674 663 3773 praescriptus
688 3674 997 3749 examinatorum
1021 3700 1205 3749 numerus
1231 3674 1393 3766 deficiat,

162 3791 389 3888 Episcopus
408 3794 457 3867 de
474 3791 634 3866 consilio
651 3792 928 3884 consultorum,
945 3791 1043 3866 alios
1060 3792 1297 3889 subrogabit.

211 3910 271 3983 26.
316 3906 440 3982 Electi
475 3908 757 3983 examinatores
793 3908 1062 4006 juramentum
1105 3915 1306 4007 praestent
1346 3909 1394 3984 de

162 4049 321 4098 munere
347 4049 416 4097 suo
443 4023 590 4099 sincere
615 4024 866 4122 adimplendo
892 4050 937 4099 ac
953 4025 1001 4099 de
1018 4023 1130 4099 donis
1154 4049 1232 4099 non
1255 4023 1391 4122 recipi·

162 4139 271 4213 endis
313 4139 459 4214 intuitu
501 4141 700 4215 examinis
770 4141 883 4230 Quod
919 4141 1188 4239 juramentum
1231 4140 1273 4216 in
1310 4139 1394 4238 ipsa

162 4257 307 4352 synodo
352 4256 426 4330 erit
468 4256 735 4348 emittendum,
771 4257 805 4331 si
847 4258 1128 4332 examinatores
1165 4256 1207 4331 in
1243 4258 1389 4355 syuodo

162 4371 356 4468 eligantur
390 4380 429 4446 et
462 4374 572 4447 electi
611 4377 757 4472 synodo
794 4374 946 4466 adsint;
993 4374 1054 4448 sin
1089 4374 1219 4448 minus
1262 4399 1391 4449 coram

163 4487 354 4584 Episcopo
373 4497 441 4562 aut
458 4490 540 4586 ejus
557 4490 712 4565 vicario.
769 4492 928 4587 (Bened.
948 4491 1073 4583 XIV.,
1092 4491 1117 4565 l.
1137 4516 1180 4581 c,
1200 4517 1238 4565 n.
1257 4494 1309 4588 6.)

989 4795 1001 4826 q
