3142 5242
417 481 472 528 nn
500 483 759 530 summanus
789 485 1048 532 1111011100.
1307 471 1348 535 79

112 641 201 729 tur;
227 636 387 735 insuper
404 641 647 733 mandamus,
667 647 711 714 ut
728 640 835 715 nullo
854 641 935 715 loco
954 642 1094 716 horum
1113 642 1293 718 Statuum
1305 644 1346 718 in

113 752 368 829 seminarium
385 755 513 853 majus
530 756 789 831 admittantur
813 757 975 852 alumni,
993 756 1070 833 nisi
1087 759 1137 833 ab
1153 759 1347 834 examina·

113 869 266 946 toribus
290 873 391 947 facto
407 872 591 948 scientiae
607 873 778 972 periculo
801 876 1026 973 probentur.
1079 874 1136 950 Hi
1152 876 1346 951 examina·

112 992 217 1062 tores
261 997 445 1087 poterunt
476 1015 560 1066 esse
593 991 875 1066 examinatores
914 991 1119 1091 synodales
1154 992 1217 1068 vel
1259 1017 1347 1091 pro·

112 1105 319 1202 synodales
345 1104 452 1181 illius
479 1106 662 1182 dioecesis
679 1105 721 1182 in
740 1133 817 1207 qua
834 1107 1086 1182 seminarium
1103 1107 1204 1184 illud
1221 1109 1347 1206 majus

111 1219 232 1295 situm
250 1229 319 1297 est.

164 1340 248 1413 153.
284 1339 333 1415 In
359 1340 593 1439 quibusdam
619 1342 778 1440 hujusce
808 1342 978 1440 regionis
1012 1341 1107 1417 locis
1141 1368 1187 1418 ea
1221 1344 1348 1418 adhuc

110 1453 262 1530 obtinet
273 1457 413 1555 agendi
426 1458 537 1551 ratic,
551 1485 629 1557 qua
641 1459 768 1534 clerici
781 1466 949 1558 tyrones,
963 1461 1084 1556 donec
1094 1458 1347 1534 seminarium

111 1572 239 1670 majus
256 1572 537 1672 ingrediantur,
555 1575 598 1650 in
615 1575 788 1674 collegiis
805 1577 1019 1650 educantur
1036 1574 1077 1649 in
1095 1575 1236 1675 quibus
1248 1601 1345 1651 cres·

109 1695 205 1764 cunt
220 1715 264 1764 ac
281 1689 540 1766 instituuntur
550 1693 715 1791 juvenes
732 1691 799 1791 qui
816 1691 945 1767 laicali
958 1691 1076 1767 statui
1091 1691 1347 1769 destinantur.

111 1803 307 1905 Equidem
333 1807 525 1905 ejusmodi
551 1808 791 1885 educationis
815 1808 915 1883 ratio
942 1834 1020 1883 non
1046 1807 1154 1883 omni
1171 1833 1218 1884 ex
1235 1815 1348 1907 parte

111 1921 274 1997 Concilii
317 1923 536 2000 Tridentini
568 1924 820 2025 praescriptis
852 1927 1072 2024 respondet,
1101 1924 1216 2023 juxta
1248 1951 1347 2024 quae

110 2038 240 2115 clerici
267 2041 497 2118 instituendi
522 2048 614 2118 sunt
629 2041 672 2118 in
689 2041 909 2118 seminariis
925 2041 968 2116 iu
986 2041 1126 2141 quibus
1147 2042 1279 2116 onmia
1296 2044 1347 2117 ad

110 2156 269 2232 unicum
283 2159 471 2234 clericalis
485 2159 723 2235 educationis
740 2184 901 2258 scopum
919 2158 1154 2258 diriguntur.
1197 2158 1346 2233 Verum

111 2299 231 2373 quum
249 2276 546 2375 protemporali
564 2275 801 2368 necessitate,
813 2274 954 2351 iisdem
972 2275 1013 2350 in
1031 2274 1124 2350 locis
1138 2273 1348 2350 seminaria

109 2416 207 2489 pure
233 2392 499 2487 ecclesiastica,
525 2392 566 2468 in
592 2392 789 2493 praesenti
814 2392 913 2491 erigi
939 2400 1008 2467 aut
1032 2390 1243 2467 sustentari
1268 2416 1346 2466 non

109 2515 275 2606 queant:
311 2508 595 2609 indulgendum
630 2508 705 2585 erit
738 2517 792 2604 ut,
818 2511 946 2608 quoad
980 2533 1050 2607 per
1083 2507 1346 2583 subsidiorum

109 2623 340 2700 tenuitatem
366 2625 520 2701 meliori
543 2617 658 2701 modo
676 2624 876 2726 provideri
894 2651 971 2699 non
989 2624 1123 2724 possit,
1141 2625 1183 2699 in
1200 2648 1345 2698 memo·

108 2739 206 2815 ratis
231 2740 343 2854 locis„
352 2742 496 2817 mixtae
521 2742 759 2817 educationis
793 2741 984 2816 rationem
1005 2741 1187 2816 retinere
1221 2740 1345 2815 liceat.

568 3148 890 3256 0110111

420 3365 484 3438 Du
509 3365 759 3439 Saturninus
787 3364 1037 3438 Mmomuus.

159 3551 244 3626 154.
289 3549 337 3625 In
377 3547 592 3623 minoribus
630 3546 849 3622 seminariis
892 3546 1020 3622 clerici
1054 3551 1344 3647 quodammodo

106 3666 353 3759 inchoantur,
376 3665 419 3740 in
445 3664 659 3763 majoribus
689 3671 820 3739 autern
851 3665 901 3738 ad
930 3664 1206 3763 perfectionem
1233 3665 1343 3764 quasi

81 3766 84 3773 i
106 3786 385 3883 perducuntur.
416 3775 421 3783 ’
438 3781 516 3856 Hic
536 3780 712 3879 proxime
729 3789 1012 3879 praeparantur
1030 3779 1097 3878 qui
1121 3780 1189 3855 lux
1206 3781 1343 3855 mundi

106 3926 191 3977 esse
227 3901 369 3976 debent
407 3905 446 3974 et
484 3899 541 3973 sal
581 3905 716 3990 terrae,
752 3897 1062 3996 populorumque
1097 3899 1233 3990 duces3
1277 3896 1344 3996 qui

106 4016 255 4116 duplici
281 4015 392 4116 quasi
416 4015 594 4090 instructi
618 4013 774 4113 pietatis
798 4013 1069 4112 doctrinaeque
1092 4013 1222 4111 gladio
1244 4013 1342 4087 veri·

106 4141 229 4209 tatem
252 4133 405 4208 fortiter
428 4137 686 4232 propugnant,
710 4155 934 4227 erroresque
960 4129 1102 4204 invicte
1128 4129 1343 4220 debellent;

107 4250 174 4350 qui
200 4257 379 4349 potentes
403 4249 445 4323 in
472 4273 587 4347 opere
617 4255 656 4322 et
686 4271 863 4321 sermone
893 4245 1020 4343 primo
1052 4271 1167 4320 mane
1195 4253 1343 4338 exeant,

107 4367 201 4442 boni
228 4391 272 4442 ac
297 4365 445 4442 strenui
469 4362 647 4463 operarii,
666 4364 716 4437 ad
734 4361 889 4437 vineam
912 4360 1071 4437 Domini
1095 4362 1344 4436 excolendam

107 4484 490 4580 custodiendamque,
508 4479 636 4579 parati
659 4505 701 4555 se
723 4486 824 4554 totos
849 4478 1075 4576 impendere
1100 4479 1153 4553 ad
1177 4476 1344 4576 gloriam

109 4598 183 4675 Dei
209 4600 506 4698 procurandam,
529 4599 771 4695 fratrumque
797 4595 948 4670 animas
974 4596 1190 4670 lucrandas.
1244 4594 1346 4670 Prae
