3142 5242
366 487 420 532 nn
449 453 740 533 corruissrosu
769 484 1174 532 rnvnsrroarroms,
1323 468 1386 530 295

152 641 251 728 cipiet
265 643 444 729 Episcopus
465 642 628 708 silentium
649 642 844 708 servandum
858 643 899 707 de
920 641 970 725 iis,
984 665 1066 729 quae
1079 640 1114 704 iu
1130 639 1273 707 Consilio
1294 640 1386 704 audi·

151 756 267 829 antnr;
293 755 422 812 moneat
441 746 721 834 investigationem
741 769 808 811 non
828 768 894 811 esse
915 768 1096 833 processum
1116 743 1309 825 iudicialem,
1330 743 1385 809 sed

152 871 190 914 eo
211 849 274 915 fine
293 849 447 935 habitam,
462 860 495 916 et
515 873 552 916 eo
575 850 669 916 modo
691 849 876 933 faciendam,
890 858 928 914 ut
948 848 990 914 ad
1012 849 1224 936 cognitionem
1241 848 1386 915 veritatis

151 951 349 1039 diligentiori
376 977 441 1042 qua
466 954 583 1041 poterit
610 954 733 1019 ratione
756 953 972 1042 perveniatur,
997 952 1076 1018 adeo
1101 962 1138 1019 ut
1167 952 1385 1039 unusquisque

151 1058 361 1142 consiliarius,
390 1060 553 1147 perpensis
580 1059 741 1141 omnibus,
770 1058 953 1145 opinionem
981 1058 1023 1123 de
1051 1058 1184 1123 veritate
1215 1056 1383 1139 factorum,

150 1162 270 1249 quibus
297 1186 392 1229 eausa
421 1163 580 1246 innititur,
609 1162 774 1228 efformare
801 1185 899 1250 quam
927 1171 1070 1227 accurate
1097 1160 1206 1248 possit.
1252 1160 1385 1226 Moneat

149 1265 246 1330 etiam
261 1289 302 1332 ne
315 1267 396 1353 qnid
409 1267 445 1331 in
459 1267 703 1354 investigatione
716 1267 783 1350 fiat,
797 1267 884 1354 quod
899 1276 956 1332 aut
969 1266 1065 1352 ipsos
1080 1274 1136 1331 aut
1149 1265 1229 1330 alios
1243 1264 1384 1352 periculo

149 1366 261 1434 damni
285 1371 340 1438 vel
364 1371 563 1458 gravaminis
587 1379 735 1456 exponat,
761 1372 946 1457 praesertim
971 1393 1012 1436 ne
1037 1369 1126 1435 loeus
1150 1370 1244 1434 detur
1267 1368 1384 1434 actioni

149 1471 253 1538 libelli
267 1475 392 1558 famosi,
407 1474 460 1541 vel
475 1475 532 1540 alii
545 1475 733 1562 cuicumque
746 1476 905 1561 processui
919 1497 1024 1539 eoram
1040 1473 1192 1539 tribunali
1207 1473 1305 1539 ciuili.

195 1582 225 1644 6.
252 1578 380 1644 Relatio
393 1602 504 1644 causae
520 1579 644 1665 legatur
662 1602 768 1644 coram
785 1578 929 1644 Consilio
945 1579 987 1643 ab
1007 1578 1159 1665 Episcopi
1174 1576 1311 1660 officiali,
1326 1578 1383 1663 qni

148 1681 297 1747 etiamad
312 1682 581 1769 interpellationes
591 1682 794 1769 respondebit
807 1705 828 1747 a
842 1682 984 1769 praeside
994 1682 1047 1747 vel
1062 1682 1103 1747 ab
1114 1682 1186 1746 aliis
1196 1682 1383 1746 consiliariis

148 1807 206 1873 per
220 1787 397 1872 praesidem
412 1786 571 1852 faciendas
584 1786 626 1852 ad
640 1786 818 1852 uberiorem
831 1787 878 1851 rei
893 1787 1040 1852 notitiam
1054 1786 1291 1872 assequendam.

194 1890 224 1956 7.
268 1888 395 1955 Deinde
423 1888 459 1954 in
485 1890 666 1956 Consilium
694 1889 914 1955 introducatur
942 1900 1043 1954 rector
1072 1891 1298 1973 missionariuS,
1324 1891 1382 1978 qui

147 2016 333 2080 responsum
362 2018 382 2059 a
410 2017 444 2058 se
471 1994 650 2059 consectum
683 1993 776 2080 leget,
805 2002 837 2058 et
865 1993 907 2059 ad
936 1993 1205 2080 interpellationes
1234 1994 1383 2058 similiter

147 2097 359 2184 respondebit,
375 2097 459 2164 facta
473 2098 535 2185 ipsi
554 2098 650 2185 plena
663 2097 813 2162 facultate
832 2120 869 2162 ea
888 2098 996 2163 omnia
1009 2097 1044 2161 in
1061 2096 1203 2162 medium
1217 2098 1381 2180 afferendi,

148 2200 234 2265 intra
253 2211 381 2289 tempus
401 2211 509 2268 tamen
533 2226 554 2267 a
576 2201 721 2268 Consilio
742 2200 1029 2284 determinandum,
1053 2223 1134 2287 quae
1155 2200 1196 2265 ad
1218 2202 1381 2288 propriam

146 2303 520 2398 defensionem-conferre
534 2315 676 2392 possunt.

192 2414 223 2476 8.
260 2409 297 2476 Si
318 2412 491 2496 contingat,
513 2420 664 2475 rectorem
693 2409 941 2493 missionarium,
963 2409 1004 2474 de
1032 2410 1122 2474 cuius
1147 2433 1240 2475 eausa
1265 2410 1381 2497 agitur,

147 2513 233 2580 nolle
261 2513 302 2579 ad
332 2514 513 2581 Consilium
540 2514 693 2596 accolere,
720 2513 836 2578 iterum
865 2513 948 2578 datis
978 2512 1093 2578 litteris
1121 2524 1261 2595 vocetur,
1291 2515 1382 2602 eique

146 2640 325 2705 congruum
345 2619 498 2704 temporis
518 2617 659 2704 spatium
680 2617 722 2682 ad
743 2617 989 2703 comparendum
1011 2618 1226 2702 praefiniatur,
1242 2627 1274 2682 et
1293 2619 1320 2682 si
1340 2618 1381 2682 ud

146 2723 356 2787 constitutum
380 2721 468 2787 diem
492 2745 558 2787 non
579 2721 800 2807 comparuerit,
822 2719 997 2785 dummodo
1018 2718 1159 2806 legitime
1180 2722 1382 2807 praepeditus

145 2847 211 2890 non
226 2825 334 2909 fuerit,
348 2827 398 2892 uti
413 2835 586 2891 contumax
599 2825 762 2891 habeatur.

191 2932 223 2996 9.
252 2930 382 3010 Quibus
402 2930 550 2995 omnibus
570 2931 631 2994 rite
648 2928 794 3015 expletis,
808 2928 981 2994 consiliarii
1001 2928 1097 2993 simul
1120 2930 1254 2995 consilia
1274 2932 1381 2996 conse-

147 3043 228 3117 rant,
240 3042 273 3098 et
286 3034 314 3098 si
328 3033 431 3098 maior
444 3055 519 3119 pars
531 3033 785 3098 consiliariorum
799 3033 875 3098 satis
889 3042 1031 3096 constare
1041 3032 1081 3096 de
1092 3032 1183 3099 factis
1196 3035 1379 3118 arbitretur,

145 3139 334 3202 sententiam
348 3161 439 3202 suam
454 3139 674 3224 unusquisque
692 3135 892 3202 consiliarius
906 3136 941 3200 in
955 3137 1082 3221 seriptis
1096 3147 1236 3222 exponat
1248 3139 1381 3204 rationi-

146 3241 206 3306 bus
219 3241 336 3328 quibns
350 3241 466 3306 nititur
480 3241 655 3327 expressis3
675 3240 879 3306 conferantur
895 3240 1066 3305 sententiae
1074 3266 1083 3322 ;
1104 3251 1174 3306 acta
1188 3242 1222 3305 in
1238 3242 1381 3308 Consilio

145 3345 186 3410 ab
206 3345 359 3431 Episcopi
380 3344 509 3411 officiali
527 3344 756 3430 redigantnr‚a
777 3343 920 3430 praeside
939 3344 1069 3408 nomine
1088 3345 1225 3410 Consilii
1244 3346 1381 3410 subseri-

146 3448 272 3532 bantur,
286 3458 318 3514 et
331 3448 430 3514 simul
444 3472 517 3513 eum
532 3449 695 3514 sententiis
708 3445 909 3535 singulorum
929 3449 964 3511 in
983 3456 1113 3513 extenso
1127 3448 1168 3512 ad
1184 3450 1381 3537 Episcopum

145 3550 338 3619 deferantur.

192 3661 243 3723 10.
273 3657 372 3738 Quod
391 3658 418 3723 si
438 3657 571 3723 ulterior
590 3657 793 3744 investigatio
812 3657 984 3722 necessaria
997 3659 1050 3723 vel
1068 3682 1207 3746 congrua
1221 3660 1379 3743 videatur,

146 3783 183 3825 eo
204 3761 274 3847 ipso
295 3761 357 3845 die,
377 3761 432 3829 vel
453 3762 518 3826 alio
538 3760 580 3826 ad
601 3761 855 3826 conveniendum
881 3784 900 3826 a
925 3761 1070 3827 Consilio
1090 3764 1273 3845 constituto,
1288 3771 1381 3828 testes

145 3875 301 3930 vocentur
314 3889 394 3953 quos
409 3875 605 3951 opportunos
619 3864 798 3930 Consilium
814 3865 1013 3948 iudicaverit,
1028 3866 1138 3931 audito
1153 3867 1248 3930 etiam
1263 3876 1381 3932 rectore

146 3969 345 4034 missionario
358 3969 398 4035 de
412 3970 453 4034 iis
467 3992 547 4056 quos
560 3969 629 4054 ipse
642 3967 843 4034 advocandos
856 3991 922 4032 esse
935 3968 1083 4035 voluerit.

191 4076 243 4139 11.
280 4072 409 4159 Singuli
430 4081 524 4138 testes
547 4095 610 4158 pro
631 4094 729 4136 cataro
748 4071 880 4138 seorsim
901 4082 933 4136 et
953 4083 1096 4138 accurate
1117 4056 1381 4142 examinentura

146 4176 289 4262 praeside
310 4185 342 4242 et
362 4177 404 4241 ab
423 4177 495 4241 aliis
516 4200 574 4263 per
595 4174 781 4262 praesidem,
801 4175 929 4240 absente
951 4177 1093 4262 primum
1115 4189 1234 4244 rectore
1255 4179 1381 4245 missio-

145 4281 248 4346 nario;
292 4281 368 4346 Non
391 4281 572 4367 requiratur
590 4280 816 4363 iuramentum,
830 4279 885 4344 sed
903 4281 932 4344 si
951 4290 1044 4345 testes
1064 4281 1126 4367 ipsi
1146 4304 1211 4347 non
1233 4292 1380 4367 renuant,

146 4393 232 4450 etse
253 4395 380 4471 paratos
401 4407 467 4449 esse
487 4384 648 4449 declarent
671 4382 713 4448 ad
738 4406 877 4470 eaquae
898 4383 1072 4448 detulerint
1096 4384 1284 4470 iuramento,
1305 4386 1382 4453 data

146 4489 314 4572 occisione,
340 4488 567 4570 confirmanda,
592 4488 649 4552 fiat
677 4487 839 4552 adnotatio
868 4486 1052 4551 huiusmodi
1081 4487 1298 4574 dispositionis
1315 4507 1382 4556 'sen

146 4590 367 4657 declarationis
388 4591 423 4654 in
445 4592 533 4657 aetia.
