3142 5242
426 475 571 524 coner.
599 460 831 522 “noiranos
861 453 1155 522 ronrrnrcns.”
1345 456 1407 520 227

214 632 374 711 Quocirca
394 654 432 697 ea
445 633 668 698 confirmantes
681 654 763 719 quae
783 655 804 699 a
824 631 858 699 S.
874 630 1129 719 congregatione
1142 629 1183 695 de
1197 629 1409 717 Propaganda

170 734 254 801 Fide
266 735 419 821 rescripta
439 745 472 801 et
493 735 643 800 mandata
656 745 743 818 sunt,
757 735 928 801 statuimus
942 734 1108 820 religiosos
1128 733 1263 817 sodales,
1276 733 1410 798 redditis

170 839 332 925 Episcopo
354 839 542 922 rationibus,
564 839 676 904 docere
700 839 815 905 debere
839 839 880 904 de
904 838 1049 926 pccunia,
1072 838 1195 902 intuitu
1220 837 1409 903 missionum

168 942 231 1007 sibi
252 943 361 1027 allata,
376 952 409 1008 et
421 953 580 1030 qnantum
594 942 636 1008 de
656 966 693 1009 ea
712 953 744 1009 et
757 966 838 1030 qnos
859 943 894 1008 iu
916 963 994 1008 usus
1014 941 1233 1028 impenderint
1252 963 1353 1029 aeque
1372 964 1409 1007 ao

168 1046 384 1113 missionarios
406 1047 495 1114 Cleri
519 1047 698 1130 saecularis,
723 1048 813 1114 iuxta
837 1047 1014 1135 praedictas
1037 1044 1243 1111 resolutiones
1267 1045 1409 1110 eiusdem

168 1149 434 1238 Congregationis
454 1150 508 1216 die
521 1168 593 1217 xlx
607 1151 735 1238 Aprilis
749 1169 969 1234 nnoecuxlx,
984 1158 1017 1215 ct
1031 1148 1282 1214 Instructionem
1302 1148 1366 1213 diei
1380 1167 1408 1213 x

158 1253 252 1319 ‘Maii
267 1273 515 1322 inncccrmwu.

212 1358 357 1424 Tandem
385 1382 427 1425 ne
450 1361 524 1446 quis
548 1360 680 1448 obrepat
703 1383 792 1427 error
814 1370 872 1426 aut
896 1360 1056 1426 dissensus
1081 1358 1116 1423 in
1138 1357 1293 1445 hisquae
1312 1357 1409 1423 modo

167 1462 320 1528 iussimus
340 1463 544 1551 exequendis,
558 1464 777 1529 definiendum
799 1486 972 1546 oensemuS,
986 1485 1069 1551 quae
1089 1461 1251 1549 pecuniae,
1265 1483 1410 1548 quaeque

167 1589 218 1632 res
232 1568 313 1634 viris
327 1567 485 1655 religiosis
499 1567 625 1634 oblatae
638 1568 760 1633 intuitu
776 1568 966 1634 missionum
981 1566 1214 1652 intelligantur.
1259 1564 1409 1651 Namque

167 1681 329 1758 receptum
358 1681 407 1737 est
435 1671 496 1736 hao
524 1671 559 1736 in
589 1694 633 1756 re,
655 1672 791 1759 spectari
819 1673 963 1760 primum
992 1678 1138 1757 oportere
1166 1666 1246 1757 qnid
1275 1668 1409 1756 largitor

166 1775 307 1841 volucrit
316 1801 326 1858 3
348 1776 477 1863 quodsi
494 1799 559 1841 non
573 1787 734 1862 appareat,
748 1776 880 1863 placuit,
894 1775 1034 1863 parocho
1053 1772 1107 1841 vel
1129 1773 1244 1838 rectori
1264 1772 1409 1838 ecclesiae

166 1879 317 1944 collatam
332 1878 537 1945 donationem
551 1879 733 1967 praesumi.¹
778 1881 827 1945 At
840 1880 982 1945 multum
995 1879 1039 1944 ab
1052 1878 1113 1944 hac
1126 1877 1240 1964 regula
1252 1898 1408 1942 recessum

165 1992 214 2048 est
226 1993 359 2070 propter
372 1983 644 2068 cousuetudinem,
659 2008 757 2072 quam
771 1985 906 2072 quidam
920 1981 1122 2050 ecclesiastici
1137 1982 1218 2046 iuris
1232 1980 1329 2068 periti
1342 1979 1410 2045 fere

165 2110 370 2152 communem
390 2089 527 2153 evasisse
548 2087 672 2172 docent,
694 2089 786 2154 cuius
808 2089 844 2155 vi
874 2087 1000 2154 “hodie
1021 2109 1103 2174 pene
1123 2085 1210 2151 solae
1232 2084 1409 2150 oblationes

166 2192 294 2278 quaein
306 2192 450 2257 Ecclesia
463 2192 524 2257 snb
539 2192 645 2258 missis
654 2192 696 2258 ad
707 2193 807 2258 altare
821 2194 905 2258 fiunt
918 2201 951 2257 et
964 2214 1047 2278 quae
1061 2212 1121 2277 pro
1135 2188 1410 2255 administratione

166 2307 448 2379 sacramentorum,
459 2319 519 2383 pro
533 2296 756 2362 benedicendis
770 2297 894 2384 nuptiis
906 2305 965 2362 ant
978 2293 1168 2360 mulieribus
1181 2302 1255 2380 post
1268 2301 1407 2378 partum,

166 2421 227 2486 pro
248 2400 392 2486 exequiis
406 2409 438 2464 et
451 2400 635 2487 sepulturis,
650 2411 708 2467 aut
721 2401 794 2466 aliis
807 2400 968 2466 similibus
989 2397 1210 2464 functionibus
1230 2395 1409 2483 specialiter

166 2502 356 2586 offeruntur,
385 2503 428 2570 ad
456 2505 632 2591 parochum
669 2515 811 2592 spectant
822 2531 832 2588 3
869 2503 1098 2570 consuetudine
1133 2500 1273 2588 reliquas
1308 2500 1409 2565 ferme

165 2629 278 2672 omnes
298 2609 438 2673 ecclesiis
459 2609 539 2695 ipsis
559 2618 616 2674 aut
636 2609 760 2676 sacellis
772 2618 830 2675 aut
843 2609 917 2674 aliis
930 2607 1024 2674 certis
1039 2606 1160 2672 finibus
1176 2601 1387 2692 applicante.'’
1396 2601 1409 2639 ²

166 2710 334 2778 Praeterea
348 2711 376 2777 si
391 2713 425 2776 in
440 2712 616 2799 parochum
631 2723 835 2796 rectorcmve,
849 2713 1001 2800 aquibus
1022 2710 1204 2797 spiritualia
1223 2708 1409 2774 adiumenta

165 2814 276 2880 fideles
294 2815 478 2902 accipiunt,³
498 2816 586 2882 haud
599 2816 788 2883 inconcinne
801 2816 960 2904 praesumi
975 2816 1079 2903 potest
1092 2813 1209 2879 collata
1222 2810 1407 2894 liberalitas,

166 2918 223 2984 ubi
238 2918 381 2985 Ecclesia
395 2919 488 2985 bonis
509 2921 653 3008 praedita
665 2922 719 3005 sit,
734 2944 792 3007 per
805 2943 887 3008 quae
901 2919 1065 3008 religionis
1077 2916 1184 2982 decori
1198 2923 1230 2982 et
1244 2915 1407 2981 ministro-

164 3046 240 3088 rum
261 3023 395 3088 tuitioni
416 3025 639 3111 prospiciatur,
661 3024 756 3112 longe
776 3022 868 3091 aliud
890 3023 1047 3089 iudicium
1068 3044 1135 3087 esse
1156 3021 1250 3087 debet
1264 3019 1322 3084 nbi
1336 3042 1406 3085 eam

164 3126 325 3193 bonorum
347 3129 473 3214 copiam
495 3127 639 3195 Ecclesia
660 3152 725 3195 non
748 3128 873 3212 habeat,
894 3152 932 3194 ao
952 3126 1145 3194 liberalitate
1165 3123 1270 3190 fidelis
1293 3122 1406 3211 populi

164 3231 260 3297 unice
280 3240 338 3297 aut
358 3232 563 3319 potissimum
591 3243 795 3300 sustentetur.
840 3234 935 3298 Tunc
962 3232 1049 3297 enim
1078 3229 1245 3317 largitores
1269 3227 1406 3315 putandi

166 3334 273 3401 forent
282 3335 424 3402 voluisse
432 3337 596 3403 consulere
605 3337 712 3403 cultus
720 3337 826 3404 divini
841 3336 1005 3424 splendori
1019 3345 1052 3401 et
1062 3333 1231 3422 religionis
1243 3331 1405 3419 dignitati,

166 3462 204 3505 ea
226 3441 351 3506 rationo
372 3450 405 3506 et
429 3441 525 3506 modo
547 3464 644 3528 quem
669 3441 876 3508 ecclesiastica
899 3441 1071 3506 auctoritas
1092 3438 1278 3504 decerneret.
1325 3434 1406 3502 Ideo

166 3543 254 3630 apud
264 3543 454 3610 christianos
467 3545 648 3632 primaevos
662 3545 732 3633 lege
744 3554 875 3610 cautum
886 3543 991 3609 fuerat
1004 3551 1042 3608 nt
1056 3540 1192 3629 pecunia
1205 3539 1310 3606 omnis
1320 3539 1405 3605 dono

165 3656 302 3734 accepta,
319 3648 402 3713 inter
423 3648 611 3733 Ecclesiam,
625 3649 834 3736 Episcopum,
849 3648 990 3715 Clericos
1010 3657 1042 3712 et
1063 3667 1178 3734 egcnos
1196 3642 1403 3709 divideretur.

167 3751 265 3839 Legis
286 3775 384 3839 porro
405 3775 473 3819 scse
492 3753 698 3840 interponens
717 3753 898 3836 auctoritas,
919 3752 949 3817 si
970 3751 1180 3838 largitionum
1209 3757 1354 3835 tempora
1373 3756 1406 3812 ct

166 3878 277 3921 causas
297 3857 496 3943 praestimat,
510 3855 595 3921 illud
616 3855 713 3922 efficit
732 3880 870 3945 quoquc,
885 3879 926 3922 ne
940 3854 1049 3921 fideles
1062 3875 1186 3940 semper
1199 3874 1260 3939 pro
1273 3851 1405 3916 arbitrio

166 3960 293 4047 possint
313 3958 446 4025 modum
467 3968 501 4025 et
521 3961 618 4025 finem
639 3959 807 4047 designare
827 3960 862 4025 iu
884 3982 981 4047 quem
995 3958 1137 4025 oblatam
1150 3956 1268 4043 stipem
1282 3955 1404 4041 erogari

167 4071 331 4149 oporteat3
352 4063 464 4150 nequit
475 4064 560 4128 enim
576 4063 677 4129 facere
690 4065 892 4150 privatorum
902 4061 1063 4145 voluntas,
1075 4069 1113 4126 nt
1126 4057 1214 4147 qnod
1228 4081 1248 4123 a
1262 4058 1406 4146 legitima

201 4266 331 4335 ¹Arguu1.
348 4285 383 4321 ex
399 4286 457 4335 cap.
468 4268 618 4322 Pastorum)
635 4271 666 4322 dc
681 4269 720 4322 laia
735 4287 797 4339 quoe
807 4269 873 4336 finan
884 4286 901 4320 n
911 4268 1029 4334 Prodat,
1040 4284 1097 4334 cap.
1112 4266 1274 4330 stamma,
1287 4265 1318 4314 de
1335 4261 1406 4316 Ver-b.

167 4351 230 4420 niqra
243 4367 274 4402 ac
284 4351 441 4418 pracsertim
452 4369 508 4418 cap.
520 4351 543 4404 Ι.
555 4352 585 4403 dc
594 4351 668 4404 &utu
678 4351 794 4404 Morioclc

200 4431 356 4486 'Reiffenst
368 4433 429 4486 L.3
444 4432 565 4486 Dccrctal.
581 4435 623 4487 tit.
635 4435 669 4487 30
680 4452 706 4486 ιι.
718 4436 775 4501 193,
788 4435 850 4487 Van
867 4435 957 4502 Espen
967 4435 1008 4486 ina
1023 4435 1100 4486 eccles
1113 4434 1179 4484 univ.
1191 4439 1258 4498 part.
1270 4432 1294 4496 2,
1306 4429 1404 4494 sectl,

168 4514 210 4568 tit
221 4518 246 4582 2,
258 4532 315 4584 cap.
327 4517 366 4582 10,
379 4534 425 4570 nn.
436 4518 471 4569 20
480 4525 508 4569 et
519 4518 559 4570 21.

201 4597 332 4667 'Ar-gum.
343 4616 378 4652 ex
389 4617 445 4667 cap.
458 4602 519 4669 quin
528 4600 668 4654 Sooerdotes
680 4604 712 4654 13
723 4619 791 4654 cans
804 4605 837 4654 10
847 4609 947 4671 quaest.
960 4604 983 4654 1.

302 4702 345 4765 22
