<?xml version="1.0" encoding="UTF-8"?>
<!DOCTYPE html PUBLIC "-//W3C//DTD XHTML 1.0 Transitional//EN"
    "http://www.w3.org/TR/xhtml1/DTD/xhtml1-transitional.dtd">
<html xmlns="http://www.w3.org/1999/xhtml" xml:lang="en" lang="en">
 <head>
  <title>
</title>
<meta http-equiv="Content-Type" content="text/html;charset=utf-8" />
  <meta name='ocr-system' content='tesseract 3.04.00' />
  <meta name='ocr-capabilities' content='ocr_page ocr_carea ocr_par ocr_line ocrx_word'/>
</head>
<body>
  <div class='ocr_page' id='page_1' title='image "./actaetdecretaco00gibbgoog_0392.png"; bbox 0 0 3142 5242; ppageno 0'>
   <div class='ocr_carea' id='block_1_1' title="bbox 387 469 1352 534">
    <p class='ocr_par' dir='ltr' id='par_1_1' title="bbox 387 469 1352 534">
     <span class='ocr_line' id='line_1_1' title="bbox 387 469 1352 534; baseline -0.001 -1"><span class='ocrx_word' id='word_1_1' title='bbox 387 487 442 533; x_wconf 82' lang='lat' dir='ltr'>na</span> <span class='ocrx_word' id='word_1_2' title='bbox 470 485 621 534; x_wconf 82' lang='lat' dir='ltr'>oausrs</span> <span class='ocrx_word' id='word_1_3' title='bbox 650 483 1083 531; x_wconf 78' lang='lat' dir='ltr'>narnrnonranraus.</span> <span class='ocrx_word' id='word_1_4' title='bbox 1288 469 1352 532; x_wconf 79' lang='lat'>275</span> 
     </span>
    </p>
   </div>
   <div class='ocr_carea' id='block_1_2' title="bbox 110 639 1351 4679">
    <p class='ocr_par' dir='ltr' id='par_1_2' title="bbox 110 639 1351 4679">
     <span class='ocr_line' id='line_1_2' title="bbox 162 639 1351 729; baseline -0.003 -19"><span class='ocrx_word' id='word_1_5' title='bbox 162 645 178 721; x_wconf 72' lang='lat'>5</span> <span class='ocrx_word' id='word_1_6' title='bbox 201 648 255 710; x_wconf 78' lang='lat'>43.</span> <span class='ocrx_word' id='word_1_7' title='bbox 285 642 425 725; x_wconf 81' lang='lat' dir='ltr'>Quando</span> <span class='ocrx_word' id='word_1_8' title='bbox 439 642 481 708; x_wconf 89' lang='lat' dir='ltr'>ad</span> <span class='ocrx_word' id='word_1_9' title='bbox 495 651 630 709; x_wconf 90' lang='lat' dir='ltr'>mortem</span> <span class='ocrx_word' id='word_1_10' title='bbox 644 641 760 729; x_wconf 88' lang='lat' dir='ltr'>prioris</span> <span class='ocrx_word' id='word_1_11' title='bbox 774 641 918 727; x_wconf 85' lang='lat' dir='ltr'>coniugis</span> <span class='ocrx_word' id='word_1_12' title='bbox 932 639 1133 727; x_wconf 87' lang='lat' dir='ltr'>pmbandum</span> <span class='ocrx_word' id='word_1_13' title='bbox 1147 649 1273 728; x_wconf 88' lang='lat' dir='ltr'>praesto</span> <span class='ocrx_word' id='word_1_14' title='bbox 1287 664 1351 706; x_wconf 89' lang='lat' dir='ltr'>non</span> 
     </span>
     <span class='ocr_line' id='line_1_3' title="bbox 115 743 1351 835; baseline -0.002 -23"><span class='ocrx_word' id='word_1_15' title='bbox 115 756 193 812; x_wconf 89' lang='lat' dir='ltr'>sunt</span> <span class='ocrx_word' id='word_1_16' title='bbox 206 770 310 834; x_wconf 89' lang='lat' dir='ltr'>neque</span> <span class='ocrx_word' id='word_1_17' title='bbox 327 769 394 813; x_wconf 90' lang='lat' dir='ltr'>esse</span> <span class='ocrx_word' id='word_1_18' title='bbox 411 755 546 835; x_wconf 80' lang='lat' dir='ltr'>possunt</span> <span class='ocrx_word' id='word_1_19' title='bbox 564 745 641 811; x_wconf 88' lang='lat' dir='ltr'>haec</span> <span class='ocrx_word' id='word_1_20' title='bbox 658 744 840 811; x_wconf 90' lang='lat' dir='ltr'>authentica</span> <span class='ocrx_word' id='word_1_21' title='bbox 852 743 1051 828; x_wconf 89' lang='lat' dir='ltr'>documenta,</span> <span class='ocrx_word' id='word_1_22' title='bbox 1065 743 1139 810; x_wconf 91' lang='lat' dir='ltr'>aliis</span> <span class='ocrx_word' id='word_1_23' title='bbox 1157 747 1351 833; x_wconf 82' lang='lat' dir='ltr'>argumentis</span> 
     </span>
     <span class='ocr_line' id='line_1_4' title="bbox 115 847 1349 938; baseline -0.001 -22"><span class='ocrx_word' id='word_1_24' title='bbox 115 860 148 916; x_wconf 89' lang='lat' dir='ltr'>et</span> <span class='ocrx_word' id='word_1_25' title='bbox 160 850 235 917; x_wconf 88' lang='lat' dir='ltr'>aliis</span> <span class='ocrx_word' id='word_1_26' title='bbox 247 850 490 938; x_wconf 82' lang='lat' dir='ltr'>probationibus</span> <span class='ocrx_word' id='word_1_27' title='bbox 503 871 585 936; x_wconf 91' lang='lat' dir='ltr'>opus</span> <span class='ocrx_word' id='word_1_28' title='bbox 598 857 655 932; x_wconf 83' lang='lat' dir='ltr'>est,</span> <span class='ocrx_word' id='word_1_29' title='bbox 667 870 749 936; x_wconf 87' lang='lat' dir='ltr'>quae</span> <span class='ocrx_word' id='word_1_30' title='bbox 761 870 783 913; x_wconf 87' lang='lat' dir='ltr'>a</span> <span class='ocrx_word' id='word_1_31' title='bbox 796 847 901 914; x_wconf 91' lang='lat' dir='ltr'>iudice</span> <span class='ocrx_word' id='word_1_32' title='bbox 913 847 1025 913; x_wconf 85' lang='lat' dir='ltr'>scdulo</span> <span class='ocrx_word' id='word_1_33' title='bbox 1038 857 1134 914; x_wconf 90' lang='lat' dir='ltr'>erunt</span> <span class='ocrx_word' id='word_1_34' title='bbox 1145 848 1349 936; x_wconf 84' lang='lat' dir='ltr'>colligendae.</span> 
     </span>
     <span class='ocr_line' id='line_1_5' title="bbox 116 951 1350 1042; baseline -0.001 -23"><span class='ocrx_word' id='word_1_35' title='bbox 116 953 161 1019; x_wconf 92' lang='lat' dir='ltr'>In</span> <span class='ocrx_word' id='word_1_36' title='bbox 179 956 294 1042; x_wconf 90' lang='lat' dir='ltr'>primis</span> <span class='ocrx_word' id='word_1_37' title='bbox 312 963 539 1042; x_wconf 81' lang='lat' dir='ltr'>argumentum</span> <span class='ocrx_word' id='word_1_38' title='bbox 557 952 682 1019; x_wconf 81' lang='lat' dir='ltr'>desumi</span> <span class='ocrx_word' id='word_1_39' title='bbox 703 960 808 1040; x_wconf 89' lang='lat' dir='ltr'>potest</span> <span class='ocrx_word' id='word_1_40' title='bbox 826 974 868 1018; x_wconf 82' lang='lat' dir='ltr'>ex</span> <span class='ocrx_word' id='word_1_41' title='bbox 886 951 1083 1038; x_wconf 80' lang='lat' dir='ltr'>depositione</span> <span class='ocrx_word' id='word_1_42' title='bbox 1102 951 1233 1018; x_wconf 88' lang='lat' dir='ltr'>testium</span> <span class='ocrx_word' id='word_1_43' title='bbox 1254 951 1350 1018; x_wconf 86' lang='lat' dir='ltr'>fldem</span> 
     </span>
     <span class='ocr_line' id='line_1_6' title="bbox 115 1054 1351 1145; baseline 0.001 -24"><span class='ocrx_word' id='word_1_44' title='bbox 115 1059 316 1143; x_wconf 93' lang='lat' dir='ltr'>merentium,</span> <span class='ocrx_word' id='word_1_45' title='bbox 330 1059 359 1124; x_wconf 92' lang='lat' dir='ltr'>si</span> <span class='ocrx_word' id='word_1_46' title='bbox 378 1058 441 1145; x_wconf 93' lang='lat' dir='ltr'>ipsi</span> <span class='ocrx_word' id='word_1_47' title='bbox 460 1058 501 1123; x_wconf 91' lang='lat' dir='ltr'>de</span> <span class='ocrx_word' id='word_1_48' title='bbox 515 1058 590 1125; x_wconf 91' lang='lat' dir='ltr'>visu</span> <span class='ocrx_word' id='word_1_49' title='bbox 608 1064 745 1122; x_wconf 87' lang='lat' dir='ltr'>mortem</span> <span class='ocrx_word' id='word_1_50' title='bbox 763 1055 863 1140; x_wconf 90' lang='lat' dir='ltr'>illius,</span> <span class='ocrx_word' id='word_1_51' title='bbox 877 1054 997 1143; x_wconf 94' lang='lat' dir='ltr'>dequo</span> <span class='ocrx_word' id='word_1_52' title='bbox 1014 1056 1132 1144; x_wconf 85' lang='lat' dir='ltr'>agitur,</span> <span class='ocrx_word' id='word_1_53' title='bbox 1146 1078 1258 1123; x_wconf 87' lang='lat' dir='ltr'>revera</span> <span class='ocrx_word' id='word_1_54' title='bbox 1270 1058 1351 1122; x_wconf 86' lang='lat' dir='ltr'>acci-</span> 
     </span>
     <span class='ocr_line' id='line_1_7' title="bbox 114 1158 1350 1245; baseline -0.002 -17"><span class='ocrx_word' id='word_1_55' title='bbox 114 1161 198 1228; x_wconf 88' lang='lat' dir='ltr'>disse</span> <span class='ocrx_word' id='word_1_56' title='bbox 211 1160 452 1245; x_wconf 87' lang='lat' dir='ltr'>affirmaverint,</span> <span class='ocrx_word' id='word_1_57' title='bbox 466 1170 523 1228; x_wconf 92' lang='lat' dir='ltr'>aut</span> <span class='ocrx_word' id='word_1_58' title='bbox 541 1160 628 1227; x_wconf 92' lang='lat' dir='ltr'>idem</span> <span class='ocrx_word' id='word_1_59' title='bbox 642 1160 834 1226; x_wconf 76' lang='lat' dir='ltr'>asseruerint</span> <span class='ocrx_word' id='word_1_60' title='bbox 847 1183 889 1225; x_wconf 86' lang='lat' dir='ltr'>ex</span> <span class='ocrx_word' id='word_1_61' title='bbox 902 1159 1026 1242; x_wconf 89' lang='lat' dir='ltr'>auditu,</span> <span class='ocrx_word' id='word_1_62' title='bbox 1040 1158 1216 1225; x_wconf 91' lang='lat' dir='ltr'>dummodo</span> <span class='ocrx_word' id='word_1_63' title='bbox 1230 1184 1296 1227; x_wconf 93' lang='lat' dir='ltr'>non</span> <span class='ocrx_word' id='word_1_64' title='bbox 1309 1184 1350 1226; x_wconf 83' lang='lat' dir='ltr'>ex</span> 
     </span>
     <span class='ocr_line' id='line_1_8' title="bbox 113 1264 1350 1354; baseline -0.002 -22"><span class='ocrx_word' id='word_1_65' title='bbox 113 1288 199 1354; x_wconf 81' lang='lat' dir='ltr'>vaga</span> <span class='ocrx_word' id='word_1_66' title='bbox 211 1265 323 1354; x_wconf 91' lang='lat' dir='ltr'>aliqua</span> <span class='ocrx_word' id='word_1_67' title='bbox 335 1265 498 1350; x_wconf 82' lang='lat' dir='ltr'>relatione,</span> <span class='ocrx_word' id='word_1_68' title='bbox 512 1264 568 1330; x_wconf 86' lang='lat' dir='ltr'>sed</span> <span class='ocrx_word' id='word_1_69' title='bbox 581 1288 602 1331; x_wconf 90' lang='lat' dir='ltr'>a</span> <span class='ocrx_word' id='word_1_70' title='bbox 620 1264 763 1353; x_wconf 87' lang='lat' dir='ltr'>personis</span> <span class='ocrx_word' id='word_1_71' title='bbox 776 1264 911 1330; x_wconf 90' lang='lat' dir='ltr'>minime</span> <span class='ocrx_word' id='word_1_72' title='bbox 923 1264 1077 1351; x_wconf 83' lang='lat' dir='ltr'>suspectis</span> <span class='ocrx_word' id='word_1_73' title='bbox 1089 1264 1236 1351; x_wconf 88' lang='lat' dir='ltr'>proprias</span> <span class='ocrx_word' id='word_1_74' title='bbox 1248 1264 1350 1330; x_wconf 85' lang='lat' dir='ltr'>infor-</span> 
     </span>
     <span class='ocr_line' id='line_1_9' title="bbox 114 1366 1350 1456; baseline 0 -22"><span class='ocrx_word' id='word_1_75' title='bbox 114 1371 271 1436; x_wconf 83' lang='lat' dir='ltr'>mationes</span> <span class='ocrx_word' id='word_1_76' title='bbox 283 1392 318 1435; x_wconf 94' lang='lat' dir='ltr'>se</span> <span class='ocrx_word' id='word_1_77' title='bbox 331 1370 472 1436; x_wconf 79' lang='lat' dir='ltr'>hausisse</span> <span class='ocrx_word' id='word_1_78' title='bbox 485 1377 651 1435; x_wconf 82' lang='lat' dir='ltr'>testentur.</span> <span class='ocrx_word' id='word_1_79' title='bbox 695 1367 760 1434; x_wconf 92' lang='lat' dir='ltr'>Isti</span> <span class='ocrx_word' id='word_1_80' title='bbox 777 1376 872 1434; x_wconf 81' lang='lat' dir='ltr'>testas</span> <span class='ocrx_word' id='word_1_81' title='bbox 884 1376 980 1433; x_wconf 89' lang='lat' dir='ltr'>erunt</span> <span class='ocrx_word' id='word_1_82' title='bbox 996 1366 1224 1456; x_wconf 83' lang='lat' dir='ltr'>interrogandi,</span> <span class='ocrx_word' id='word_1_83' title='bbox 1239 1377 1350 1434; x_wconf 92' lang='lat' dir='ltr'>utrum</span> 
     </span>
     <span class='ocr_line' id='line_1_10' title="bbox 113 1472 1350 1562; baseline 0 -23"><span class='ocrx_word' id='word_1_84' title='bbox 113 1472 195 1539; x_wconf 89' lang='lat' dir='ltr'>bene</span> <span class='ocrx_word' id='word_1_85' title='bbox 214 1474 422 1561; x_wconf 76' lang='lat' dir='ltr'>cognoverint</span> <span class='ocrx_word' id='word_1_86' title='bbox 441 1496 538 1561; x_wconf 92' lang='lat' dir='ltr'>quem</span> <span class='ocrx_word' id='word_1_87' title='bbox 558 1482 724 1538; x_wconf 88' lang='lat' dir='ltr'>mortuum</span> <span class='ocrx_word' id='word_1_88' title='bbox 744 1479 889 1538; x_wconf 90' lang='lat' dir='ltr'>asserunt</span> <span class='ocrx_word' id='word_1_89' title='bbox 898 1497 909 1555; x_wconf 90' lang='lat'>;</span> <span class='ocrx_word' id='word_1_90' title='bbox 937 1494 1003 1559; x_wconf 94' lang='lat' dir='ltr'>quo</span> <span class='ocrx_word' id='word_1_91' title='bbox 1022 1479 1174 1559; x_wconf 84' lang='lat' dir='ltr'>tempore,</span> <span class='ocrx_word' id='word_1_92' title='bbox 1194 1495 1259 1562; x_wconf 92' lang='lat' dir='ltr'>quo</span> <span class='ocrx_word' id='word_1_93' title='bbox 1281 1473 1350 1540; x_wconf 89' lang='lat' dir='ltr'>loco</span> 
     </span>
     <span class='ocr_line' id='line_1_11' title="bbox 113 1575 1350 1665; baseline 0.001 -23"><span class='ocrx_word' id='word_1_94' title='bbox 113 1599 202 1643; x_wconf 86' lang='lat' dir='ltr'>mora</span> <span class='ocrx_word' id='word_1_95' title='bbox 220 1577 378 1661; x_wconf 87' lang='lat' dir='ltr'>acciderit,</span> <span class='ocrx_word' id='word_1_96' title='bbox 393 1601 458 1665; x_wconf 93' lang='lat' dir='ltr'>qua</span> <span class='ocrx_word' id='word_1_97' title='bbox 478 1576 520 1643; x_wconf 94' lang='lat' dir='ltr'>de</span> <span class='ocrx_word' id='word_1_98' title='bbox 539 1599 659 1660; x_wconf 86' lang='lat' dir='ltr'>caussa,</span> <span class='ocrx_word' id='word_1_99' title='bbox 674 1576 732 1641; x_wconf 94' lang='lat' dir='ltr'>ubi</span> <span class='ocrx_word' id='word_1_100' title='bbox 752 1576 889 1643; x_wconf 85' lang='lat' dir='ltr'>cadaver</span> <span class='ocrx_word' id='word_1_101' title='bbox 909 1575 1091 1663; x_wconf 89' lang='lat' dir='ltr'>sepultum;</span> <span class='ocrx_word' id='word_1_102' title='bbox 1113 1585 1224 1642; x_wconf 89' lang='lat' dir='ltr'>utrum</span> <span class='ocrx_word' id='word_1_103' title='bbox 1243 1577 1350 1644; x_wconf 89' lang='lat' dir='ltr'>adsint</span> 
     </span>
     <span class='ocr_line' id='line_1_12' title="bbox 113 1678 1350 1768; baseline 0 -21"><span class='ocrx_word' id='word_1_104' title='bbox 113 1689 147 1747; x_wconf 90' lang='lat' dir='ltr'>et</span> <span class='ocrx_word' id='word_1_105' title='bbox 173 1681 231 1746; x_wconf 93' lang='lat' dir='ltr'>nbi</span> <span class='ocrx_word' id='word_1_106' title='bbox 258 1692 495 1750; x_wconf 84' lang='lat' dir='ltr'>commorentur</span> <span class='ocrx_word' id='word_1_107' title='bbox 510 1680 576 1755; x_wconf 82' lang='lat' dir='ltr'>‚alii</span> <span class='ocrx_word' id='word_1_108' title='bbox 603 1681 661 1768; x_wconf 93' lang='lat' dir='ltr'>qui</span> <span class='ocrx_word' id='word_1_109' title='bbox 690 1679 817 1746; x_wconf 88' lang='lat' dir='ltr'>dehoc</span> <span class='ocrx_word' id='word_1_110' title='bbox 841 1679 926 1746; x_wconf 85' lang='lat' dir='ltr'>facto</span> <span class='ocrx_word' id='word_1_111' title='bbox 949 1678 1098 1745; x_wconf 88' lang='lat' dir='ltr'>instructi</span> <span class='ocrx_word' id='word_1_112' title='bbox 1122 1680 1189 1746; x_wconf 92' lang='lat' dir='ltr'>sint</span> <span class='ocrx_word' id='word_1_113' title='bbox 1206 1689 1265 1746; x_wconf 91' lang='lat' dir='ltr'>aut</span> <span class='ocrx_word' id='word_1_114' title='bbox 1284 1703 1350 1747; x_wconf 86' lang='lat' dir='ltr'>esse</span> 
     </span>
     <span class='ocr_line' id='line_1_13' title="bbox 112 1782 1350 1873; baseline 0.001 -23"><span class='ocrx_word' id='word_1_115' title='bbox 112 1786 247 1873; x_wconf 87' lang='lat' dir='ltr'>possint.</span> <span class='ocrx_word' id='word_1_116' title='bbox 305 1785 362 1851; x_wconf 83' lang='lat' dir='ltr'>Ab</span> <span class='ocrx_word' id='word_1_117' title='bbox 386 1785 453 1852; x_wconf 91' lang='lat' dir='ltr'>illis</span> <span class='ocrx_word' id='word_1_118' title='bbox 477 1808 555 1854; x_wconf 87' lang='lat' dir='ltr'>vero</span> <span class='ocrx_word' id='word_1_119' title='bbox 583 1785 642 1872; x_wconf 91' lang='lat' dir='ltr'>qui</span> <span class='ocrx_word' id='word_1_120' title='bbox 669 1807 712 1850; x_wconf 88' lang='lat' dir='ltr'>ex</span> <span class='ocrx_word' id='word_1_121' title='bbox 739 1784 877 1850; x_wconf 85' lang='lat' dir='ltr'>aliorum</span> <span class='ocrx_word' id='word_1_122' title='bbox 906 1782 1059 1850; x_wconf 88' lang='lat' dir='ltr'>relatione</span> <span class='ocrx_word' id='word_1_123' title='bbox 1085 1784 1260 1871; x_wconf 91' lang='lat' dir='ltr'>deponunt,</span> <span class='ocrx_word' id='word_1_124' title='bbox 1289 1786 1350 1851; x_wconf 90' lang='lat' dir='ltr'>erit</span> 
     </span>
     <span class='ocr_line' id='line_1_14' title="bbox 112 1888 1350 1978; baseline 0.001 -24"><span class='ocrx_word' id='word_1_125' title='bbox 112 1910 241 1977; x_wconf 92' lang='lat' dir='ltr'>quoque</span> <span class='ocrx_word' id='word_1_126' title='bbox 254 1889 493 1978; x_wconf 90' lang='lat' dir='ltr'>inquirendum,</span> <span class='ocrx_word' id='word_1_127' title='bbox 515 1911 536 1955; x_wconf 88' lang='lat' dir='ltr'>a</span> <span class='ocrx_word' id='word_1_128' title='bbox 556 1889 673 1976; x_wconf 90' lang='lat' dir='ltr'>quibus</span> <span class='ocrx_word' id='word_1_129' title='bbox 693 1888 773 1954; x_wconf 89' lang='lat' dir='ltr'>tales</span> <span class='ocrx_word' id='word_1_130' title='bbox 793 1888 958 1954; x_wconf 87' lang='lat' dir='ltr'>hauserint</span> <span class='ocrx_word' id='word_1_131' title='bbox 977 1888 1117 1972; x_wconf 85' lang='lat' dir='ltr'>notitias,</span> <span class='ocrx_word' id='word_1_132' title='bbox 1139 1910 1160 1954; x_wconf 88' lang='lat' dir='ltr'>a</span> <span class='ocrx_word' id='word_1_133' title='bbox 1183 1911 1248 1975; x_wconf 90' lang='lat' dir='ltr'>quo</span> <span class='ocrx_word' id='word_1_134' title='bbox 1268 1897 1350 1955; x_wconf 86' lang='lat' dir='ltr'>tem·</span> 
     </span>
     <span class='ocr_line' id='line_1_15' title="bbox 111 1991 1350 2081; baseline 0.001 -23"><span class='ocrx_word' id='word_1_135' title='bbox 111 2014 191 2080; x_wconf 91' lang='lat' dir='ltr'>porc</span> <span class='ocrx_word' id='word_1_136' title='bbox 219 1993 306 2059; x_wconf 86' lang='lat' dir='ltr'>fama</span> <span class='ocrx_word' id='word_1_137' title='bbox 332 1992 374 2060; x_wconf 89' lang='lat' dir='ltr'>de</span> <span class='ocrx_word' id='word_1_138' title='bbox 405 2002 508 2059; x_wconf 91' lang='lat' dir='ltr'>morte</span> <span class='ocrx_word' id='word_1_139' title='bbox 535 1992 665 2081; x_wconf 83' lang='lat' dir='ltr'>vulgari</span> <span class='ocrx_word' id='word_1_140' title='bbox 693 1992 842 2080; x_wconf 89' lang='lat' dir='ltr'>coeperit,</span> <span class='ocrx_word' id='word_1_141' title='bbox 871 2000 905 2058; x_wconf 93' lang='lat' dir='ltr'>et</span> <span class='ocrx_word' id='word_1_142' title='bbox 932 1991 1013 2080; x_wconf 93' lang='lat' dir='ltr'>quid</span> <span class='ocrx_word' id='word_1_143' title='bbox 1047 1991 1109 2079; x_wconf 93' lang='lat' dir='ltr'>ipsi</span> <span class='ocrx_word' id='word_1_144' title='bbox 1143 1992 1282 2058; x_wconf 87' lang='lat' dir='ltr'>sentiant</span> <span class='ocrx_word' id='word_1_145' title='bbox 1308 1992 1350 2060; x_wconf 87' lang='lat' dir='ltr'>de</span> 
     </span>
     <span class='ocr_line' id='line_1_16' title="bbox 111 2094 1348 2185; baseline 0.001 -24"><span class='ocrx_word' id='word_1_146' title='bbox 111 2096 272 2184; x_wconf 85' lang='lat' dir='ltr'>probitate</span> <span class='ocrx_word' id='word_1_147' title='bbox 284 2106 317 2163; x_wconf 91' lang='lat' dir='ltr'>et</span> <span class='ocrx_word' id='word_1_148' title='bbox 330 2096 539 2163; x_wconf 88' lang='lat' dir='ltr'>credibilitate</span> <span class='ocrx_word' id='word_1_149' title='bbox 552 2120 663 2162; x_wconf 91' lang='lat' dir='ltr'>eorum</span> <span class='ocrx_word' id='word_1_150' title='bbox 677 2095 735 2184; x_wconf 92' lang='lat' dir='ltr'>qui</span> <span class='ocrx_word' id='word_1_151' title='bbox 754 2095 905 2184; x_wconf 91' lang='lat' dir='ltr'>primitus</span> <span class='ocrx_word' id='word_1_152' title='bbox 918 2094 960 2162; x_wconf 89' lang='lat' dir='ltr'>de</span> <span class='ocrx_word' id='word_1_153' title='bbox 978 2119 1013 2162; x_wconf 92' lang='lat' dir='ltr'>re</span> <span class='ocrx_word' id='word_1_154' title='bbox 1031 2095 1093 2162; x_wconf 84' lang='lat' dir='ltr'>ista</span> <span class='ocrx_word' id='word_1_155' title='bbox 1106 2105 1182 2161; x_wconf 89' lang='lat' dir='ltr'>sunt</span> <span class='ocrx_word' id='word_1_156' title='bbox 1201 2095 1348 2185; x_wconf 85' lang='lat' dir='ltr'>loquuti;</span> 
     </span>
     <span class='ocr_line' id='line_1_17' title="bbox 112 2199 1349 2289; baseline 0.001 -24"><span class='ocrx_word' id='word_1_157' title='bbox 112 2210 223 2266; x_wconf 90' lang='lat' dir='ltr'>utrum</span> <span class='ocrx_word' id='word_1_158' title='bbox 241 2201 296 2267; x_wconf 90' lang='lat' dir='ltr'>isti</span> <span class='ocrx_word' id='word_1_159' title='bbox 315 2201 508 2288; x_wconf 88' lang='lat' dir='ltr'>peculiarem</span> <span class='ocrx_word' id='word_1_160' title='bbox 525 2201 669 2289; x_wconf 91' lang='lat' dir='ltr'>aliquam</span> <span class='ocrx_word' id='word_1_161' title='bbox 687 2200 843 2267; x_wconf 88' lang='lat' dir='ltr'>rationem</span> <span class='ocrx_word' id='word_1_162' title='bbox 862 2201 1033 2267; x_wconf 89' lang='lat' dir='ltr'>habuerint</span> <span class='ocrx_word' id='word_1_163' title='bbox 1051 2209 1107 2266; x_wconf 90' lang='lat' dir='ltr'>aut</span> <span class='ocrx_word' id='word_1_164' title='bbox 1127 2199 1242 2266; x_wconf 88' lang='lat' dir='ltr'>habere</span> <span class='ocrx_word' id='word_1_165' title='bbox 1255 2209 1349 2288; x_wconf 91' lang='lat' dir='ltr'>potu-</span> 
     </span>
     <span class='ocr_line' id='line_1_18' title="bbox 111 2303 1348 2392; baseline -0.001 -21"><span class='ocrx_word' id='word_1_166' title='bbox 111 2305 198 2371; x_wconf 90' lang='lat' dir='ltr'>erint</span> <span class='ocrx_word' id='word_1_167' title='bbox 225 2314 264 2371; x_wconf 92' lang='lat' dir='ltr'>ut</span> <span class='ocrx_word' id='word_1_168' title='bbox 290 2305 387 2371; x_wconf 88' lang='lat' dir='ltr'>talem</span> <span class='ocrx_word' id='word_1_169' title='bbox 419 2305 568 2370; x_wconf 90' lang='lat' dir='ltr'>notitiam</span> <span class='ocrx_word' id='word_1_170' title='bbox 595 2303 794 2392; x_wconf 78' lang='lat' dir='ltr'>evulgarent.</span> <span class='ocrx_word' id='word_1_171' title='bbox 860 2303 927 2369; x_wconf 91' lang='lat' dir='ltr'>His</span> <span class='ocrx_word' id='word_1_172' title='bbox 958 2305 1094 2392; x_wconf 85' lang='lat' dir='ltr'>cognitis</span> <span class='ocrx_word' id='word_1_173' title='bbox 1124 2304 1161 2370; x_wconf 93' lang='lat' dir='ltr'>in</span> <span class='ocrx_word' id='word_1_174' title='bbox 1193 2303 1348 2370; x_wconf 89' lang='lat' dir='ltr'>iudicium</span> 
     </span>
     <span class='ocr_line' id='line_1_19' title="bbox 111 2407 1347 2494; baseline -0.003 -17"><span class='ocrx_word' id='word_1_175' title='bbox 111 2407 249 2477; x_wconf 81' lang='lat' dir='ltr'>vocandi</span> <span class='ocrx_word' id='word_1_176' title='bbox 273 2418 368 2475; x_wconf 91' lang='lat' dir='ltr'>erunt</span> <span class='ocrx_word' id='word_1_177' title='bbox 391 2417 486 2475; x_wconf 78' lang='lat' dir='ltr'>testas</span> <span class='ocrx_word' id='word_1_178' title='bbox 509 2407 646 2492; x_wconf 89' lang='lat' dir='ltr'>inducti,</span> <span class='ocrx_word' id='word_1_179' title='bbox 667 2417 701 2474; x_wconf 91' lang='lat' dir='ltr'>et</span> <span class='ocrx_word' id='word_1_180' title='bbox 724 2408 836 2474; x_wconf 90' lang='lat' dir='ltr'>eodem</span> <span class='ocrx_word' id='word_1_181' title='bbox 862 2408 959 2475; x_wconf 93' lang='lat' dir='ltr'>modo</span> <span class='ocrx_word' id='word_1_182' title='bbox 983 2407 1123 2474; x_wconf 82' lang='lat' dir='ltr'>examini</span> <span class='ocrx_word' id='word_1_183' title='bbox 1148 2407 1347 2494; x_wconf 91' lang='lat' dir='ltr'>subiiciendi,</span> 
     </span>
     <span class='ocr_line' id='line_1_20' title="bbox 111 2510 1348 2601; baseline 0.001 -24"><span class='ocrx_word' id='word_1_184' title='bbox 111 2521 150 2577; x_wconf 89' lang='lat' dir='ltr'>ut</span> <span class='ocrx_word' id='word_1_185' title='bbox 173 2513 304 2578; x_wconf 89' lang='lat' dir='ltr'>tandem</span> <span class='ocrx_word' id='word_1_186' title='bbox 331 2512 506 2601; x_wconf 90' lang='lat' dir='ltr'>aliquando</span> <span class='ocrx_word' id='word_1_187' title='bbox 530 2511 584 2581; x_wconf 87' lang='lat' dir='ltr'>vel</span> <span class='ocrx_word' id='word_1_188' title='bbox 612 2510 655 2577; x_wconf 88' lang='lat' dir='ltr'>ad</span> <span class='ocrx_word' id='word_1_189' title='bbox 683 2520 779 2578; x_wconf 76' lang='lat' dir='ltr'>testes</span> <span class='ocrx_word' id='word_1_190' title='bbox 805 2511 848 2578; x_wconf 87' lang='lat' dir='ltr'>de</span> <span class='ocrx_word' id='word_1_191' title='bbox 871 2512 956 2597; x_wconf 88' lang='lat' dir='ltr'>visu,</span> <span class='ocrx_word' id='word_1_192' title='bbox 985 2510 1039 2579; x_wconf 85' lang='lat' dir='ltr'>vel</span> <span class='ocrx_word' id='word_1_193' title='bbox 1067 2511 1109 2578; x_wconf 90' lang='lat' dir='ltr'>ad</span> <span class='ocrx_word' id='word_1_194' title='bbox 1138 2521 1224 2578; x_wconf 89' lang='lat' dir='ltr'>certa</span> <span class='ocrx_word' id='word_1_195' title='bbox 1250 2512 1348 2579; x_wconf 84' lang='lat' dir='ltr'>docu-</span> 
     </span>
     <span class='ocr_line' id='line_1_21' title="bbox 112 2614 1349 2704; baseline 0.001 -23"><span class='ocrx_word' id='word_1_196' title='bbox 112 2624 221 2682; x_wconf 91' lang='lat' dir='ltr'>menta</span> <span class='ocrx_word' id='word_1_197' title='bbox 247 2616 423 2683; x_wconf 87' lang='lat' dir='ltr'>obtinenda</span> <span class='ocrx_word' id='word_1_198' title='bbox 448 2617 664 2704; x_wconf 89' lang='lat' dir='ltr'>perveniatur.</span> <span class='ocrx_word' id='word_1_199' title='bbox 722 2615 973 2682; x_wconf 87' lang='lat' dir='ltr'>Animadvertat</span> <span class='ocrx_word' id='word_1_200' title='bbox 1000 2614 1110 2700; x_wconf 86' lang='lat' dir='ltr'>iudex,</span> <span class='ocrx_word' id='word_1_201' title='bbox 1131 2639 1173 2683; x_wconf 89' lang='lat' dir='ltr'>ne</span> <span class='ocrx_word' id='word_1_202' title='bbox 1199 2615 1349 2682; x_wconf 88' lang='lat' dir='ltr'>admittat</span> 
     </span>
     <span class='ocr_line' id='line_1_22' title="bbox 111 2719 1348 2809; baseline 0.001 -24"><span class='ocrx_word' id='word_1_203' title='bbox 111 2720 244 2808; x_wconf 89' lang='lat' dir='ltr'>eosqui</span> <span class='ocrx_word' id='word_1_204' title='bbox 265 2730 379 2807; x_wconf 89' lang='lat' dir='ltr'>sponte</span> <span class='ocrx_word' id='word_1_205' title='bbox 403 2719 445 2786; x_wconf 91' lang='lat' dir='ltr'>ad</span> <span class='ocrx_word' id='word_1_206' title='bbox 470 2743 604 2786; x_wconf 84' lang='lat' dir='ltr'>examen</span> <span class='ocrx_word' id='word_1_207' title='bbox 628 2720 825 2804; x_wconf 86' lang='lat' dir='ltr'>accesserint,</span> <span class='ocrx_word' id='word_1_208' title='bbox 847 2721 924 2809; x_wconf 92' lang='lat' dir='ltr'>quia</span> <span class='ocrx_word' id='word_1_209' title='bbox 948 2720 1114 2786; x_wconf 85' lang='lat' dir='ltr'>mendaces</span> <span class='ocrx_word' id='word_1_210' title='bbox 1137 2742 1348 2808; x_wconf 88' lang='lat' dir='ltr'>praesumun-</span> 
     </span>
     <span class='ocr_line' id='line_1_23' title="bbox 110 2823 1346 2913; baseline 0 -23"><span class='ocrx_word' id='word_1_211' title='bbox 110 2831 166 2890; x_wconf 89' lang='lat' dir='ltr'>tur</span> <span class='ocrx_word' id='word_1_212' title='bbox 173 2848 184 2907; x_wconf 74' lang='grc' dir='ltr'><strong><em>ς</em></strong></span> <span class='ocrx_word' id='word_1_213' title='bbox 214 2834 248 2890; x_wconf 89' lang='lat' dir='ltr'>et</span> <span class='ocrx_word' id='word_1_214' title='bbox 276 2825 305 2891; x_wconf 92' lang='lat' dir='ltr'>si</span> <span class='ocrx_word' id='word_1_215' title='bbox 334 2825 481 2913; x_wconf 88' lang='lat' dir='ltr'>requisiti</span> <span class='ocrx_word' id='word_1_216' title='bbox 510 2823 641 2906; x_wconf 91' lang='lat' dir='ltr'>fuerint,</span> <span class='ocrx_word' id='word_1_217' title='bbox 669 2833 803 2912; x_wconf 90' lang='lat' dir='ltr'>quaerat</span> <span class='ocrx_word' id='word_1_218' title='bbox 831 2824 874 2890; x_wconf 87' lang='lat' dir='ltr'>ab</span> <span class='ocrx_word' id='word_1_219' title='bbox 905 2824 961 2909; x_wconf 90' lang='lat' dir='ltr'>eis,</span> <span class='ocrx_word' id='word_1_220' title='bbox 991 2848 1013 2891; x_wconf 87' lang='lat' dir='ltr'>a</span> <span class='ocrx_word' id='word_1_221' title='bbox 1043 2824 1247 2913; x_wconf 90' lang='lat' dir='ltr'>quibusnam,</span> <span class='ocrx_word' id='word_1_222' title='bbox 1278 2825 1346 2909; x_wconf 89' lang='lat' dir='ltr'>ubi,</span> 
     </span>
     <span class='ocr_line' id='line_1_24' title="bbox 110 2928 1347 3017; baseline 0 -22"><span class='ocrx_word' id='word_1_223' title='bbox 110 2928 249 3016; x_wconf 90' lang='lat' dir='ltr'>qnando,</span> <span class='ocrx_word' id='word_1_224' title='bbox 262 2928 434 3016; x_wconf 91' lang='lat' dir='ltr'>quomodo,</span> <span class='ocrx_word' id='word_1_225' title='bbox 448 2951 555 2995; x_wconf 91' lang='lat' dir='ltr'>coram</span> <span class='ocrx_word' id='word_1_226' title='bbox 571 2929 700 3017; x_wconf 89' lang='lat' dir='ltr'>quibus,</span> <span class='ocrx_word' id='word_1_227' title='bbox 715 2937 748 2995; x_wconf 85' lang='lat' dir='ltr'>et</span> <span class='ocrx_word' id='word_1_228' title='bbox 766 2929 892 3016; x_wconf 90' lang='lat' dir='ltr'>quoties</span> <span class='ocrx_word' id='word_1_229' title='bbox 910 2928 1033 2994; x_wconf 84' lang='lat' dir='ltr'>fuerint</span> <span class='ocrx_word' id='word_1_230' title='bbox 1048 2928 1214 3016; x_wconf 90' lang='lat' dir='ltr'>requisiti;</span> <span class='ocrx_word' id='word_1_231' title='bbox 1235 2938 1347 2995; x_wconf 89' lang='lat' dir='ltr'>utrum</span> 
     </span>
     <span class='ocr_line' id='line_1_25' title="bbox 110 3031 1346 3120; baseline -0.001 -20"><span class='ocrx_word' id='word_1_232' title='bbox 110 3054 171 3119; x_wconf 91' lang='lat' dir='ltr'>pro</span> <span class='ocrx_word' id='word_1_233' title='bbox 192 3031 255 3098; x_wconf 89' lang='lat' dir='ltr'>hoc</span> <span class='ocrx_word' id='word_1_234' title='bbox 275 3032 458 3099; x_wconf 86' lang='lat' dir='ltr'>testimonio</span> <span class='ocrx_word' id='word_1_235' title='bbox 480 3031 612 3099; x_wconf 86' lang='lat' dir='ltr'>ferendo</span> <span class='ocrx_word' id='word_1_236' title='bbox 634 3032 733 3098; x_wconf 84' lang='lat' dir='ltr'>fuerit</span> <span class='ocrx_word' id='word_1_237' title='bbox 755 3032 835 3119; x_wconf 91' lang='lat' dir='ltr'>ipsis</span> <span class='ocrx_word' id='word_1_238' title='bbox 856 3031 981 3120; x_wconf 90' lang='lat' dir='ltr'>aliquid</span> <span class='ocrx_word' id='word_1_239' title='bbox 1001 3032 1124 3116; x_wconf 91' lang='lat' dir='ltr'>datum,</span> <span class='ocrx_word' id='word_1_240' title='bbox 1142 3033 1346 3119; x_wconf 89' lang='lat' dir='ltr'>promissum,</span> 
     </span>
     <span class='ocr_line' id='line_1_26' title="bbox 110 3135 1347 3224; baseline 0.001 -21"><span class='ocrx_word' id='word_1_241' title='bbox 110 3135 289 3220; x_wconf 87' lang='lat' dir='ltr'>remissum,</span> <span class='ocrx_word' id='word_1_242' title='bbox 303 3135 357 3203; x_wconf 91' lang='lat' dir='ltr'>vel</span> <span class='ocrx_word' id='word_1_243' title='bbox 377 3136 522 3202; x_wconf 90' lang='lat' dir='ltr'>oblatum</span> <span class='ocrx_word' id='word_1_244' title='bbox 542 3158 564 3202; x_wconf 91' lang='lat' dir='ltr'>a</span> <span class='ocrx_word' id='word_1_245' title='bbox 583 3137 729 3224; x_wconf 89' lang='lat' dir='ltr'>personis</span> <span class='ocrx_word' id='word_1_246' title='bbox 748 3135 900 3202; x_wconf 88' lang='lat' dir='ltr'>interesse</span> <span class='ocrx_word' id='word_1_247' title='bbox 918 3135 1120 3219; x_wconf 89' lang='lat' dir='ltr'>habentibus,</span> <span class='ocrx_word' id='word_1_248' title='bbox 1134 3135 1189 3204; x_wconf 86' lang='lat' dir='ltr'>vel</span> <span class='ocrx_word' id='word_1_249' title='bbox 1210 3135 1259 3217; x_wconf 75' lang='lat' dir='ltr'>ab,</span> <span class='ocrx_word' id='word_1_250' title='bbox 1272 3137 1347 3204; x_wconf 89' lang='lat' dir='ltr'>aliis</span> 
     </span>
     <span class='ocr_line' id='line_1_27' title="bbox 110 3238 1345 3330; baseline 0.001 -24"><span class='ocrx_word' id='word_1_251' title='bbox 110 3261 222 3306; x_wconf 87' lang='lat' dir='ltr'>eorum</span> <span class='ocrx_word' id='word_1_252' title='bbox 242 3240 380 3306; x_wconf 89' lang='lat' dir='ltr'>nomine.</span> <span class='ocrx_word' id='word_1_253' title='bbox 424 3239 582 3306; x_wconf 81' lang='lat' dir='ltr'>Similiter</span> <span class='ocrx_word' id='word_1_254' title='bbox 601 3239 758 3324; x_wconf 85' lang='lat' dir='ltr'>advertat,</span> <span class='ocrx_word' id='word_1_255' title='bbox 773 3263 839 3307; x_wconf 94' lang='lat' dir='ltr'>non</span> <span class='ocrx_word' id='word_1_256' title='bbox 856 3262 924 3306; x_wconf 80' lang='lat' dir='ltr'>esse</span> <span class='ocrx_word' id='word_1_257' title='bbox 939 3238 1155 3306; x_wconf 88' lang='lat' dir='ltr'>admittendos</span> <span class='ocrx_word' id='word_1_258' title='bbox 1175 3248 1268 3306; x_wconf 85' lang='lat' dir='ltr'>testes</span> <span class='ocrx_word' id='word_1_259' title='bbox 1289 3243 1345 3330; x_wconf 89' lang='lat' dir='ltr'>qui</span> 
     </span>
     <span class='ocr_line' id='line_1_28' title="bbox 110 3341 1345 3432; baseline 0 -22"><span class='ocrx_word' id='word_1_260' title='bbox 110 3365 269 3431; x_wconf 83' lang='lat' dir='ltr'>personas,</span> <span class='ocrx_word' id='word_1_261' title='bbox 287 3343 329 3410; x_wconf 90' lang='lat' dir='ltr'>de</span> <span class='ocrx_word' id='word_1_262' title='bbox 348 3341 466 3432; x_wconf 91' lang='lat' dir='ltr'>quibus</span> <span class='ocrx_word' id='word_1_263' title='bbox 486 3343 603 3431; x_wconf 83' lang='lat' dir='ltr'>agitur,</span> <span class='ocrx_word' id='word_1_264' title='bbox 622 3343 717 3431; x_wconf 90' lang='lat' dir='ltr'>plene</span> <span class='ocrx_word' id='word_1_265' title='bbox 736 3367 804 3410; x_wconf 92' lang='lat' dir='ltr'>non</span> <span class='ocrx_word' id='word_1_266' title='bbox 826 3353 1037 3432; x_wconf 82' lang='lat' dir='ltr'>cognoscant3</span> <span class='ocrx_word' id='word_1_267' title='bbox 1066 3353 1100 3410; x_wconf 93' lang='lat' dir='ltr'>et</span> <span class='ocrx_word' id='word_1_268' title='bbox 1119 3355 1345 3432; x_wconf 89' lang='lat' dir='ltr'>consequenter</span> 
     </span>
     <span class='ocr_line' id='line_1_29' title="bbox 111 3447 1347 3536; baseline 0.001 -22"><span class='ocrx_word' id='word_1_269' title='bbox 111 3456 277 3514; x_wconf 85' lang='lat' dir='ltr'>extraneos</span> <span class='ocrx_word' id='word_1_270' title='bbox 304 3469 371 3514; x_wconf 91' lang='lat' dir='ltr'>non</span> <span class='ocrx_word' id='word_1_271' title='bbox 400 3470 467 3514; x_wconf 86' lang='lat' dir='ltr'>csse</span> <span class='ocrx_word' id='word_1_272' title='bbox 493 3455 588 3513; x_wconf 80' lang='lat' dir='ltr'>testes</span> <span class='ocrx_word' id='word_1_273' title='bbox 615 3447 757 3531; x_wconf 91' lang='lat' dir='ltr'>idoneos,</span> <span class='ocrx_word' id='word_1_274' title='bbox 779 3448 843 3513; x_wconf 89' lang='lat' dir='ltr'>nisi</span> <span class='ocrx_word' id='word_1_275' title='bbox 868 3470 889 3513; x_wconf 88' lang='lat' dir='ltr'>a</span> <span class='ocrx_word' id='word_1_276' title='bbox 914 3447 1011 3536; x_wconf 87' lang='lat' dir='ltr'>longo</span> <span class='ocrx_word' id='word_1_277' title='bbox 1039 3456 1181 3534; x_wconf 88' lang='lat' dir='ltr'>tempore</span> <span class='ocrx_word' id='word_1_278' title='bbox 1210 3448 1246 3513; x_wconf 92' lang='lat' dir='ltr'>in</span> <span class='ocrx_word' id='word_1_279' title='bbox 1276 3447 1347 3516; x_wconf 92' lang='lat' dir='ltr'>looo</span> 
     </span>
     <span class='ocr_line' id='line_1_30' title="bbox 111 3549 1347 3641; baseline 0.002 -25"><span class='ocrx_word' id='word_1_280' title='bbox 111 3549 242 3635; x_wconf 87' lang='lat' dir='ltr'>fuerint,</span> <span class='ocrx_word' id='word_1_281' title='bbox 264 3560 322 3617; x_wconf 89' lang='lat' dir='ltr'>aut</span> <span class='ocrx_word' id='word_1_282' title='bbox 349 3574 391 3618; x_wconf 88' lang='lat' dir='ltr'>ex</span> <span class='ocrx_word' id='word_1_283' title='bbox 418 3551 633 3640; x_wconf 89' lang='lat' dir='ltr'>peculiaribus</span> <span class='ocrx_word' id='word_1_284' title='bbox 660 3552 908 3618; x_wconf 87' lang='lat' dir='ltr'>circumstantiis</span> <span class='ocrx_word' id='word_1_285' title='bbox 935 3561 1087 3639; x_wconf 88' lang='lat' dir='ltr'>appareat</span> <span class='ocrx_word' id='word_1_286' title='bbox 1114 3574 1167 3619; x_wconf 88' lang='lat' dir='ltr'>eos</span> <span class='ocrx_word' id='word_1_287' title='bbox 1191 3552 1347 3641; x_wconf 85' lang='lat' dir='ltr'>cognitio-</span> 
     </span>
     <span class='ocr_line' id='line_1_31' title="bbox 111 3654 1347 3743; baseline 0.003 -23"><span class='ocrx_word' id='word_1_288' title='bbox 111 3677 185 3721; x_wconf 89' lang='lat' dir='ltr'>nem</span> <span class='ocrx_word' id='word_1_289' title='bbox 205 3654 322 3722; x_wconf 87' lang='lat' dir='ltr'>habere</span> <span class='ocrx_word' id='word_1_290' title='bbox 342 3656 482 3743; x_wconf 88' lang='lat' dir='ltr'>potuisse</span> <span class='ocrx_word' id='word_1_291' title='bbox 501 3655 544 3721; x_wconf 87' lang='lat' dir='ltr'>de</span> <span class='ocrx_word' id='word_1_292' title='bbox 564 3655 605 3721; x_wconf 93' lang='lat' dir='ltr'>iis</span> <span class='ocrx_word' id='word_1_293' title='bbox 626 3677 709 3743; x_wconf 89' lang='lat' dir='ltr'>quae</span> <span class='ocrx_word' id='word_1_294' title='bbox 728 3664 889 3722; x_wconf 89' lang='lat' dir='ltr'>enarrant.</span> <span class='ocrx_word' id='word_1_295' title='bbox 933 3654 1033 3737; x_wconf 79' lang='lat' dir='ltr'>Quod</span> <span class='ocrx_word' id='word_1_296' title='bbox 1054 3657 1083 3720; x_wconf 90' lang='lat' dir='ltr'>si</span> <span class='ocrx_word' id='word_1_297' title='bbox 1104 3664 1199 3722; x_wconf 87' lang='lat' dir='ltr'>testes</span> <span class='ocrx_word' id='word_1_298' title='bbox 1219 3658 1289 3723; x_wconf 90' lang='lat' dir='ltr'>sive</span> <span class='ocrx_word' id='word_1_299' title='bbox 1305 3656 1347 3724; x_wconf 89' lang='lat' dir='ltr'>de</span> 
     </span>
     <span class='ocr_line' id='line_1_32' title="bbox 112 3758 1346 3847; baseline -0.001 -20"><span class='ocrx_word' id='word_1_300' title='bbox 112 3759 196 3842; x_wconf 87' lang='lat' dir='ltr'>visu,</span> <span class='ocrx_word' id='word_1_301' title='bbox 210 3759 280 3825; x_wconf 90' lang='lat' dir='ltr'>sive</span> <span class='ocrx_word' id='word_1_302' title='bbox 300 3759 341 3825; x_wconf 90' lang='lat' dir='ltr'>de</span> <span class='ocrx_word' id='word_1_303' title='bbox 360 3759 474 3826; x_wconf 89' lang='lat' dir='ltr'>auditu</span> <span class='ocrx_word' id='word_1_304' title='bbox 495 3758 607 3824; x_wconf 92' lang='lat' dir='ltr'>haberi</span> <span class='ocrx_word' id='word_1_305' title='bbox 629 3783 696 3826; x_wconf 92' lang='lat' dir='ltr'>non</span> <span class='ocrx_word' id='word_1_306' title='bbox 718 3768 879 3847; x_wconf 86' lang='lat' dir='ltr'>poterunt,</span> <span class='ocrx_word' id='word_1_307' title='bbox 899 3760 1145 3826; x_wconf 90' lang='lat' dir='ltr'>considerandae</span> <span class='ocrx_word' id='word_1_308' title='bbox 1167 3770 1263 3826; x_wconf 87' lang='lat' dir='ltr'>erunt</span> <span class='ocrx_word' id='word_1_309' title='bbox 1284 3761 1346 3827; x_wconf 90' lang='lat' dir='ltr'>cir-</span> 
     </span>
     <span class='ocr_line' id='line_1_33' title="bbox 110 3861 1346 3951; baseline 0.001 -22"><span class='ocrx_word' id='word_1_310' title='bbox 110 3863 319 3930; x_wconf 87' lang='lat' dir='ltr'>cumstantiae</span> <span class='ocrx_word' id='word_1_311' title='bbox 338 3885 449 3929; x_wconf 89' lang='lat' dir='ltr'>omnes</span> <span class='ocrx_word' id='word_1_312' title='bbox 469 3862 505 3929; x_wconf 92' lang='lat' dir='ltr'>in</span> <span class='ocrx_word' id='word_1_313' title='bbox 526 3861 611 3929; x_wconf 87' lang='lat' dir='ltr'>facto</span> <span class='ocrx_word' id='word_1_314' title='bbox 632 3872 862 3948; x_wconf 86' lang='lat' dir='ltr'>concurrentes,</span> <span class='ocrx_word' id='word_1_315' title='bbox 875 3872 910 3928; x_wconf 88' lang='lat' dir='ltr'>et</span> <span class='ocrx_word' id='word_1_316' title='bbox 924 3863 1097 3951; x_wconf 82' lang='lat' dir='ltr'>diligenter</span> <span class='ocrx_word' id='word_1_317' title='bbox 1115 3864 1346 3951; x_wconf 87' lang='lat' dir='ltr'>ponderandae,</span> 
     </span>
     <span class='ocr_line' id='line_1_34' title="bbox 111 3966 1348 4055; baseline 0.003 -23"><span class='ocrx_word' id='word_1_318' title='bbox 111 3975 149 4032; x_wconf 90' lang='lat' dir='ltr'>ut</span> <span class='ocrx_word' id='word_1_319' title='bbox 160 3966 320 4050; x_wconf 85' lang='lat' dir='ltr'>videatur,</span> <span class='ocrx_word' id='word_1_320' title='bbox 341 3975 452 4033; x_wconf 90' lang='lat' dir='ltr'>utrum</span> <span class='ocrx_word' id='word_1_321' title='bbox 465 3989 507 4033; x_wconf 87' lang='lat' dir='ltr'>ex</span> <span class='ocrx_word' id='word_1_322' title='bbox 521 3966 654 4032; x_wconf 91' lang='lat' dir='ltr'>illarum</span> <span class='ocrx_word' id='word_1_323' title='bbox 675 3967 844 4054; x_wconf 83' lang='lat' dir='ltr'>complexu</span> <span class='ocrx_word' id='word_1_324' title='bbox 859 3990 1014 4054; x_wconf 87' lang='lat' dir='ltr'>exurgere</span> <span class='ocrx_word' id='word_1_325' title='bbox 1028 3969 1129 4055; x_wconf 90' lang='lat' dir='ltr'>possit</span> <span class='ocrx_word' id='word_1_326' title='bbox 1143 3968 1275 4035; x_wconf 86' lang='lat' dir='ltr'>moralis</span> <span class='ocrx_word' id='word_1_327' title='bbox 1288 3968 1348 4036; x_wconf 88' lang='lat' dir='ltr'>illa</span> 
     </span>
     <span class='ocr_line' id='line_1_35' title="bbox 111 4068 1346 4159; baseline 0.001 -23"><span class='ocrx_word' id='word_1_328' title='bbox 111 4068 267 4137; x_wconf 85' lang='lat' dir='ltr'>certitudo</span> <span class='ocrx_word' id='word_1_329' title='bbox 287 4093 369 4157; x_wconf 87' lang='lat' dir='ltr'>quae</span> <span class='ocrx_word' id='word_1_330' title='bbox 389 4070 562 4137; x_wconf 92' lang='lat' dir='ltr'>necessaria</span> <span class='ocrx_word' id='word_1_331' title='bbox 575 4079 624 4137; x_wconf 88' lang='lat' dir='ltr'>est</span> <span class='ocrx_word' id='word_1_332' title='bbox 637 4079 675 4137; x_wconf 90' lang='lat' dir='ltr'>ut</span> <span class='ocrx_word' id='word_1_333' title='bbox 688 4070 844 4137; x_wconf 90' lang='lat' dir='ltr'>iudicium</span> <span class='ocrx_word' id='word_1_334' title='bbox 858 4071 1049 4159; x_wconf 86' lang='lat' dir='ltr'>proferatur.</span> <span class='ocrx_word' id='word_1_335' title='bbox 1094 4071 1197 4138; x_wconf 91' lang='lat' dir='ltr'>Porro</span> <span class='ocrx_word' id='word_1_336' title='bbox 1211 4072 1346 4139; x_wconf 88' lang='lat' dir='ltr'>circum-</span> 
     </span>
     <span class='ocr_line' id='line_1_36' title="bbox 111 4173 1345 4263; baseline 0.002 -23"><span class='ocrx_word' id='word_1_337' title='bbox 111 4174 245 4241; x_wconf 85' lang='lat' dir='ltr'>stantiae</span> <span class='ocrx_word' id='word_1_338' title='bbox 265 4173 344 4241; x_wconf 89' lang='lat' dir='ltr'>istae</span> <span class='ocrx_word' id='word_1_339' title='bbox 362 4175 550 4262; x_wconf 87' lang='lat' dir='ltr'>praecipuae</span> <span class='ocrx_word' id='word_1_340' title='bbox 569 4185 664 4242; x_wconf 85' lang='lat' dir='ltr'>sunt:</span> <span class='ocrx_word' id='word_1_341' title='bbox 692 4185 778 4242; x_wconf 85' lang='lat' dir='ltr'>aetas</span> <span class='ocrx_word' id='word_1_342' title='bbox 797 4198 950 4263; x_wconf 88' lang='lat' dir='ltr'>personae</span> <span class='ocrx_word' id='word_1_343' title='bbox 970 4198 1052 4263; x_wconf 92' lang='lat' dir='ltr'>quae</span> <span class='ocrx_word' id='word_1_344' title='bbox 1073 4186 1198 4242; x_wconf 90' lang='lat' dir='ltr'>mortua</span> <span class='ocrx_word' id='word_1_345' title='bbox 1219 4175 1345 4262; x_wconf 90' lang='lat' dir='ltr'>dicitnr,</span> 
     </span>
     <span class='ocr_line' id='line_1_37' title="bbox 112 4278 1348 4368; baseline 0.005 -27"><span class='ocrx_word' id='word_1_346' title='bbox 112 4286 222 4344; x_wconf 86' lang='lat' dir='ltr'>utrum</span> <span class='ocrx_word' id='word_1_347' title='bbox 241 4279 357 4363; x_wconf 89' lang='lat' dir='ltr'>senior,</span> <span class='ocrx_word' id='word_1_348' title='bbox 370 4301 413 4345; x_wconf 91' lang='lat' dir='ltr'>an</span> <span class='ocrx_word' id='word_1_349' title='bbox 434 4279 542 4344; x_wconf 91' lang='lat' dir='ltr'>iunior</span> <span class='ocrx_word' id='word_1_350' title='bbox 556 4278 655 4345; x_wconf 84' lang='lat' dir='ltr'>fuerit</span> <span class='ocrx_word' id='word_1_351' title='bbox 662 4304 673 4363; x_wconf 90' lang='lat'>;</span> <span class='ocrx_word' id='word_1_352' title='bbox 695 4288 822 4367; x_wconf 87' lang='lat' dir='ltr'>tempus</span> <span class='ocrx_word' id='word_1_353' title='bbox 839 4278 981 4345; x_wconf 90' lang='lat' dir='ltr'>eiusdem</span> <span class='ocrx_word' id='word_1_354' title='bbox 994 4280 1150 4346; x_wconf 78' lang='lat' dir='ltr'>discessus</span> <span class='ocrx_word' id='word_1_355' title='bbox 1164 4303 1184 4345; x_wconf 90' lang='lat' dir='ltr'>a</span> <span class='ocrx_word' id='word_1_356' title='bbox 1197 4281 1302 4368; x_wconf 88' lang='lat' dir='ltr'>patria</span> <span class='ocrx_word' id='word_1_357' title='bbox 1315 4289 1348 4348; x_wconf 95' lang='lat' dir='ltr'>et</span> 
     </span>
     <span class='ocr_line' id='line_1_38' title="bbox 112 4381 1346 4472; baseline 0.002 -25"><span class='ocrx_word' id='word_1_358' title='bbox 112 4381 364 4468; x_wconf 61' lang='lat' dir='ltr'>familiautrum</span> <span class='ocrx_word' id='word_1_359' title='bbox 374 4381 695 4471; x_wconf 86' lang='lat' dir='ltr'>longiusanbrevius</span> <span class='ocrx_word' id='word_1_360' title='bbox 704 4409 714 4467; x_wconf 89' lang='lat'>;</span> <span class='ocrx_word' id='word_1_361' title='bbox 732 4383 821 4449; x_wconf 89' lang='lat' dir='ltr'>locus</span> <span class='ocrx_word' id='word_1_362' title='bbox 829 4383 883 4450; x_wconf 91' lang='lat' dir='ltr'>vel</span> <span class='ocrx_word' id='word_1_363' title='bbox 894 4382 1113 4472; x_wconf 88' lang='lat' dir='ltr'>loca,adquae</span> <span class='ocrx_word' id='word_1_364' title='bbox 1123 4384 1346 4470; x_wconf 89' lang='lat' dir='ltr'>secontulerit,</span> 
     </span>
     <span class='ocr_line' id='line_1_39' title="bbox 112 4485 1348 4575; baseline 0.003 -24"><span class='ocrx_word' id='word_1_365' title='bbox 112 4494 222 4552; x_wconf 88' lang='lat' dir='ltr'>utrum</span> <span class='ocrx_word' id='word_1_366' title='bbox 250 4485 424 4554; x_wconf 85' lang='lat' dir='ltr'>valitudini</span> <span class='ocrx_word' id='word_1_367' title='bbox 458 4487 617 4574; x_wconf 89' lang='lat' dir='ltr'>corporali</span> <span class='ocrx_word' id='word_1_368' title='bbox 646 4487 754 4571; x_wconf 83' lang='lat' dir='ltr'>noxia,</span> <span class='ocrx_word' id='word_1_369' title='bbox 784 4510 825 4553; x_wconf 91' lang='lat' dir='ltr'>an</span> <span class='ocrx_word' id='word_1_370' title='bbox 855 4497 888 4554; x_wconf 89' lang='lat' dir='ltr'>et</span> <span class='ocrx_word' id='word_1_371' title='bbox 923 4488 1041 4575; x_wconf 89' lang='lat' dir='ltr'>quibus</span> <span class='ocrx_word' id='word_1_372' title='bbox 1072 4486 1348 4556; x_wconf 77' lang='lat' dir='ltr'>vicissitudinibus</span> 
     </span>
     <span class='ocr_line' id='line_1_40' title="bbox 112 4588 1348 4679; baseline 0.003 -25"><span class='ocrx_word' id='word_1_373' title='bbox 112 4589 251 4656; x_wconf 87' lang='lat' dir='ltr'>subiecta</span> <span class='ocrx_word' id='word_1_374' title='bbox 263 4588 393 4675; x_wconf 87' lang='lat' dir='ltr'>fuerint,</span> <span class='ocrx_word' id='word_1_375' title='bbox 407 4613 458 4656; x_wconf 82' lang='lat' dir='ltr'>ex.</span> <span class='ocrx_word' id='word_1_376' title='bbox 473 4613 523 4679; x_wconf 85' lang='lat' dir='ltr'>gr.</span> <span class='ocrx_word' id='word_1_377' title='bbox 538 4612 618 4656; x_wconf 91' lang='lat' dir='ltr'>num</span> <span class='ocrx_word' id='word_1_378' title='bbox 632 4591 753 4657; x_wconf 90' lang='lat' dir='ltr'>ibidem</span> <span class='ocrx_word' id='word_1_379' title='bbox 766 4590 863 4676; x_wconf 91' lang='lat' dir='ltr'>bella,</span> <span class='ocrx_word' id='word_1_380' title='bbox 877 4590 931 4658; x_wconf 86' lang='lat' dir='ltr'>vel</span> <span class='ocrx_word' id='word_1_381' title='bbox 945 4592 1145 4679; x_wconf 89' lang='lat' dir='ltr'>pestilentiae</span> <span class='ocrx_word' id='word_1_382' title='bbox 1157 4589 1348 4678; x_wconf 80' lang='lat' dir='ltr'>saevierint3</span> 
     </span>
    </p>
   </div>
   <div class='ocr_carea' id='block_1_3' title="bbox 245 4695 1477 4904">
    <p class='ocr_par' dir='ltr' id='par_1_3' title="bbox 245 4695 1477 4904">
     <span class='ocr_line' id='line_1_41' title="bbox 245 4695 1477 4904; baseline 0 0"><span class='ocrx_word' id='word_1_383' title='bbox 245 4695 287 4760; x_wconf 77' lang='lat'>²⁵</span> <span class='ocrx_word' id='word_1_384' title='bbox 1213 4726 1477 4904; x_wconf 59' lang='lat' dir='ltr'>fl</span> 
     </span>
    </p>
   </div>
   <div class='ocr_carea' id='block_1_4' title="bbox 0 0 1576 5242">
    <p class='ocr_par' dir='ltr' id='par_1_4' title="bbox 0 0 1576 5242">
     <span class='ocr_line' id='line_1_42' title="bbox 0 0 1576 5242; baseline 0 0"><span class='ocrx_word' id='word_1_385' title='bbox 0 0 1576 5242; x_wconf 95' lang='lat' dir='ltr'> </span> 
     </span>
    </p>
   </div>
  </div>
 </body>
</html>
