3142 5242
1017 234 1036 281 θ

169 445 232 509 122
296 459 701 508 urrunnsv11.-ns
730 458 952 507 nocrnnsn
982 458 1273 509 cnnrsrrunn.

29 709 31 713 v
167 641 245 692 non
270 640 405 692 omnes
430 614 521 690 illos
546 615 748 690 thesauros
766 614 1012 690 absconditos
1036 615 1167 715 colligi
1192 639 1331 715 posse3
1363 619 1410 690 ot

166 732 376 809 nonnullos
401 730 506 807 inter
530 729 779 831 pretiosiores
804 730 969 830 seligere
993 730 1094 821 licet,
1118 730 1176 807 ita
1202 738 1249 807 ut
1271 754 1407 808 sacrae

37 856 42 866 '
165 848 348 949 liturgiae
371 845 488 923 flores
512 854 553 923 et
577 847 756 947 germina
779 846 891 947 quasi
916 846 1053 923 hortus
1078 846 1253 946 paradisi
1272 847 1405 947 legen·

164 964 266 1043 tium
283 964 406 1041 menti
423 962 668 1064 objiciantur.

214 1083 300 1157 222.
337 1081 468 1172 Quum
502 1080 684 1157 omnibus
726 1088 863 1157 notum
897 1080 951 1157 sit
988 1104 1122 1181 preces
1155 1105 1256 1180 quae
1298 1080 1405 1180 apud

163 1199 298 1275 fideles
324 1197 490 1275 usitatae
514 1203 618 1290 sunt,
635 1196 741 1272 haud
758 1221 849 1272 raro
865 1196 974 1272 vitiis
994 1196 1199 1271 literarum
1224 1196 1405 1272 laborare

164 1322 205 1392 et
229 1340 509 1416 nonnunquam
529 1340 554 1391 a
575 1313 734 1391 tramite
758 1338 876 1389 sanae
901 1313 1100 1390 doctrinae
1124 1313 1256 1406 abire;
1291 1311 1403 1412 quin·

163 1430 244 1508 imo
269 1435 426 1508 easdem
456 1456 600 1531 preces,
627 1429 711 1506 sive
737 1431 788 1506 ab
814 1429 965 1530 origine
989 1429 1139 1531 anglice
1163 1427 1402 1529 conscriptus

163 1548 247 1625 sive
279 1574 329 1624 er
361 1547 484 1624 latino
523 1546 566 1623 in
600 1545 798 1647 anglicum
831 1570 1048 1642 conversas,
1074 1571 1191 1647 saepe
1222 1546 1329 1623 inter
1361 1570 1403 1623 se

163 1664 384 1765 discrepare
412 1672 569 1741 etcum
599 1663 813 1764 exemplari
842 1663 1025 1764 originali
1054 1663 1218 1750 minime
1246 1688 1400 1741 eoncor-

163 1781 277 1875 dare3
312 1781 523 1858 statuimus
557 1789 603 1858 ut
634 1781 676 1856 in
710 1779 814 1858 dicto
847 1781 948 1858 libro
989 1806 1150 1882 precum
1191 1784 1401 1859 tradantur

23 1964 31 1977 ,
161 1896 401 1997 bremplaria
426 1899 478 1974 ad
503 1923 674 1997 unguem
694 1897 883 1996 castigata
897 1898 1075 1974 omnium
1100 1923 1273 1997 precum,
1290 1901 1401 2001 hym·

163 2038 316 2107 norum,
341 2014 595 2113 psalmorum,
621 2021 662 2090 et
690 2022 886 2108 cantuum,
912 2013 980 2114 qui
1008 2016 1269 2092 communiter
1297 2018 1402 2117 apud

162 2130 296 2207 fideles
330 2131 485 2230 publice
517 2129 560 2205 in
595 2130 768 2206 Ecclesia
803 2130 1028 2224 recitantur,
1058 2139 1099 2208 et
1135 2138 1179 2208 ut
1216 2133 1401 2234 Episcopi

163 2247 299 2322 sedulo
341 2246 551 2346 invigilent
584 2272 633 2322 ne
675 2272 724 2322 ex
764 2247 999 2345 supradictis
1040 2248 1179 2324 orandi
1221 2249 1402 2326 formulis

162 2363 323 2463 quaevis
348 2362 390 2439 in
415 2363 542 2439 lucem
568 2365 707 2439 edatur
732 2363 827 2463 quin
854 2388 943 2438 cum
968 2363 1182 2463 exemplari
1204 2367 1256 2440 ad
1274 2390 1401 2442 amus·

163 2477 239 2555 sim
256 2481 471 2555 concordet.

213 2598 300 2673 223.
336 2596 502 2672 Librum
528 2595 694 2672 Precnm
720 2598 772 2673 ad
796 2621 976 2673 normam
1010 2596 1277 2697 supradictam
1308 2597 1404 2676 scite

162 2722 364 2789 exaratum
393 2713 574 2788 fidelibus
602 2713 726 2788 Nobis
750 2713 969 2789 commissis
994 2715 1165 2790 maxime
1198 2715 1338 2791 utilem
1362 2722 1404 2792 et

161 2838 318 2930 gratum
351 2831 435 2905 fore
468 2830 715 2905 arbitramur.
769 2829 1024 2906 Decernimus
1057 2829 1188 2930 itaque
1214 2839 1259 2907 ut
1283 2831 1402 2908 comi·

160 2953 267 3022 tatus
293 2946 457 3022 Petrum
484 2946 601 3043 hujus
626 2944 789 3022 Concilii
816 2946 989 3023 Plenarii
1009 2946 1269 3022 constituatur
1289 2974 1402 3048 prae·

161 3062 246 3138 side
275 3061 388 3138 Rmo.
416 3062 605 3161 Delegabo
631 3063 871 3162 Apostolico‚
896 3064 964 3164 qui
989 3064 1265 3164 gravissimam
1300 3065 1403 3142 hanc

160 3203 245 3254 rem
279 3179 375 3254 viris
416 3177 493 3278 piis
531 3204 576 3254 ac
610 3204 742 3254 sacrae
782 3178 966 3281 liturgiae
1005 3180 1142 3281 peritis
1181 3181 1404 3260 committet

162 3303 202 3370 et
241 3296 393 3371 curabit
427 3302 471 3371 ut
503 3295 587 3371 sine
621 3321 733 3371 mora
773 3321 872 3396 opus
913 3298 1141 3396 quantocius
1182 3299 1400 3399 perficiant.

163 3412 446 3511 Episcoporum
485 3421 616 3487 coetus
658 3412 805 3488 librum
838 3412 966 3511 rigido
999 3414 1169 3490 examini
1202 3417 1401 3514 subjiciat,

163 3527 336 3604 Rovmis.
366 3526 681 3626 Archiepiscopis
706 3530 959 3622 transmittat,
986 3531 1055 3630 qui
1088 3533 1217 3606 denuo
1251 3532 1402 3612 librum

161 3645 414 3742 recognitum,
433 3643 533 3719 sicut
554 3644 702 3718 dictum
728 3652 788 3718 est
804 3645 853 3719 de
868 3646 1112 3738 catechismo,
1131 3649 1265 3745 praelo
1292 3675 1403 3727 accu-

161 3769 244 3834 rato
263 3761 514 3834 mandabunt.
