3142 5242
169 442 234 505 272
666 456 910 504 arrexmx.

211 614 306 681 Circa
323 613 499 681 seeundum
517 611 782 681 considerandum
801 621 858 696 cst,
873 621 983 677 utrum
996 612 1055 700 qui
1068 610 1108 679 de
1122 611 1213 679 illata
1226 613 1266 681 vi
1281 626 1410 681 metare

166 728 363 801 accusantur,
392 719 678 805 patriapctoetate
706 726 739 782 et
765 717 952 782 auctoritate
981 716 1150 804 pollerent,
1177 738 1221 782 an
1249 718 1310 805 qui
1340 720 1409 784 vim

168 833 330 888 metumve
350 823 437 909 passi
457 831 543 904 sunt,
558 821 742 887 nullatenus
763 819 876 886 iisdem
897 820 1031 886 subiecti
1051 820 1192 901 fueriut;
1220 843 1306 910 quae
1326 823 1407 888 ratio

166 927 219 992 vis
234 926 426 1010 inferendae,
441 949 559 1013 magna
576 948 618 991 ne
636 947 677 991 ex
696 924 902 990 matrimonio
915 925 1063 1011 propriae
1075 924 1188 991 domui
1202 925 1338 1008 utilitas,
1351 936 1407 992 ant

166 1027 261 1095 decus
286 1031 530 1096 obventurum?
557 1052 640 1116 quae
665 1027 789 1095 indoles
812 1029 882 1094 vim
907 1027 1124 1112 inferentium,
1146 1050 1231 1116 quac
1254 1029 1405 1111 conditio,

167 1135 223 1220 qui
239 1156 361 1216 mores;
382 1156 448 1220 qua
461 1135 583 1199 ratione
600 1132 757 1200 familiam
774 1155 881 1219 regere
894 1133 1134 1213 consueverint;
1157 1142 1269 1199 utrum
1284 1133 1328 1199 ad
1345 1133 1406 1198 ira·

117 1273 120 1280 ·
166 1237 316 1302 ermdiam
341 1247 374 1302 et
398 1237 587 1304 violentiam
612 1238 659 1302 itu
681 1245 785 1302 essent
813 1226 982 1323 proclives,
1007 1246 1046 1301 ut
1069 1236 1163 1303 facile
1186 1236 1275 1324 quod
1302 1239 1405 1303 mina-

167 1341 284 1407 bantur
306 1343 502 1428 perficerent,
526 1349 559 1407 et
581 1342 689 1406 animo
712 1341 759 1406 itu
779 1349 883 1406 essent
908 1338 991 1405 duro
1012 1351 1109 1428 atque
1131 1341 1304 1424 obstinato,
1327 1353 1366 1408 ut
1385 1365 1405 1408 a

166 1446 293 1510 nemine
318 1445 381 1510 sibi
406 1444 580 1510 contradici
604 1452 661 1509 aut
685 1444 827 1510 consiliis
852 1444 918 1509 suis
943 1443 1171 1532 impedimenta
1195 1446 1294 1511 obiici
1319 1455 1405 1534 pate·

166 1559 286 1616 rentur.

209 1653 328 1734 Quoad
352 1654 484 1719 tertium
507 1654 589 1719 ratio
612 1653 759 1720 habenda
780 1653 842 1719 erit
866 1653 1008 1741 primum
1030 1677 1125 1720 sexus
1148 1677 1303 1741 personae
1324 1677 1404 1743 quae

164 1756 352 1823 violentiam
369 1780 461 1844 passa
477 1757 596 1822 dieitur
606 1783 615 1837 ;
637 1757 763 1823 facilius
780 1758 866 1823 enim
885 1758 1013 1823 animus
1031 1758 1157 1844 puellae
1173 1769 1403 1842 commovetur,

165 1883 263 1947 quam
277 1860 341 1928 viri
354 1886 362 1942 3
384 1860 501 1925 deinde
514 1859 634 1942 aetitia,
649 1860 854 1943 educationis,
870 1860 998 1942 indolis,
1013 1872 1123 1926 utrum
1138 1884 1254 1949 nempe
1267 1865 1358 1929 mitis
1370 1886 1404 1928 ac

165 1963 280 2029 timida
300 1964 409 2047 fuerit,
429 1987 473 2030 an
494 1964 587 2029 fortis
608 1974 641 2030 et
661 1974 827 2045 constans3
856 1988 921 2051 qua
943 1966 1066 2030 ratione
1088 1966 1123 2030 in
1148 1965 1273 2032 familia
1294 1968 1403 2035 vivere

165 2069 375 2151 consueverit,
397 2078 508 2133 utrum
529 2068 590 2133 sub
613 2069 757 2134 custodia
779 2077 810 2134 et
833 2068 1005 2155 vigilantia
1028 2079 1210 2156 parentum,
1233 2071 1280 2136 ita
1303 2081 1341 2136 ut
1363 2072 1403 2137 ab

165 2193 277 2237 corum
298 2172 434 2258 imperio
454 2195 579 2258 semper
600 2182 633 2237 et
654 2173 689 2236 in
710 2173 860 2238 omnibus
881 2165 1105 2259 penderet‚'un
1127 2173 1237 2260 aliqua
1259 2174 1402 2241 libertate

164 2274 323 2341 frueretur
337 2286 420 2341 utet
434 2276 565 2363 propria
577 2299 668 2341 seusa
682 2299 849 2362 exponere,
864 2286 897 2341 ct
911 2277 1002 2341 iuxta
1022 2277 1185 2363 propriam
1200 2278 1400 2345 voluntatem

164 2379 289 2466 operari
310 2380 450 2466 potuerit
461 2405 470 2462 ς
492 2403 534 2444 an
556 2389 701 2465 parentes
724 2380 769 2445 ita
789 2403 859 2445 eam
880 2378 1085 2467 segregarint
1100 2390 1136 2446 nt
1150 2383 1258 2447 omnis
1279 2383 1400 2448 consilii

164 2482 335 2569 expetendi
371 2483 505 2548 facultas
533 2483 637 2548 eidem
666 2482 814 2570 adempta
850 2484 957 2568 suerit,
987 2506 1044 2548 nec
1072 2485 1222 2571 cuiquam
1260 2487 1401 2552 eiusdem

163 2584 374 2674 alloquendae
401 2587 527 2672 copiam
552 2587 733 2669 tribuerint,
755 2587 820 2652 nisi
848 2610 929 2675 quos
958 2586 999 2652 de
1027 2588 1234 2654 matrimonio
1263 2589 1401 2656 ineundo

163 2691 297 2756 consilia
310 2691 461 2777 praebere
475 2715 566 2777 posse
581 2690 803 2757 iudicu‘erint.

208 2796 231 2870 ξ·
241 2798 293 2860 38.
318 2795 448 2859 Praeter
467 2796 528 2859 ista
549 2796 775 2880 inquiremlum
797 2797 868 2879 erit,
888 2806 998 2861 utrum
1020 2797 1077 2883 qui
1099 2796 1139 2863 de
1160 2798 1251 2864 illata
1272 2800 1308 2864 vi
1330 2822 1400 2865 eon-

162 2900 317 2984 queritur,
343 2899 517 2985 aliquando
542 2898 727 2963 relationem
757 2899 905 2965 babuerit
932 2924 1003 2964 eum
1034 2924 1072 2965 eo
1100 2925 1174 2966 cum
1200 2925 1266 2988 quo
1295 2915 1400 2989 posttea

162 3004 332 3085 contraxit,
347 3012 380 3067 et
394 3014 504 3067 utrum
524 3002 697 3089 aliquando
717 3004 916 3089 propositum
937 3004 1084 3069 habuerit
1102 3027 1176 3070 eum
1195 3006 1306 3071 ettdem
1328 3031 1399 3072 eou-

163 3106 320 3171 tmbcndi.
367 3107 409 3170 In
430 3130 504 3171 casu
523 3104 717 3171 affirmativo
737 3107 975 3192 inquirendum,
995 3132 1075 3194 quas
1094 3109 1137 3174 ob
1155 3132 1266 3176 (auaris
1285 3111 1399 3177 voluu-

162 3210 237 3274 tatis
259 3211 395 3275 mutatio
417 3201 604 3297 eontigerit,
630 3233 736 3296 aquo
757 3220 899 3297 tempore
919 3212 1087 3276 mansilium
1110 3212 1208 3278 fuerit
1230 3225 1398 3296 mutatum,

163 3323 272 3377 utrum
295 3337 409 3399 nempe
428 3324 598 3400 antequam
620 3325 766 3400 parentes
785 3316 948 3401 propriam
968 3316 1167 3381 volmrtatcm
1189 3319 1397 3399 ostenderent,

162 3441 203 3482 an
225 3428 352 3503 post0a3
379 3427 411 3482 et
431 3430 540 3482 utrum
559 3442 600 3481 cx
621 3419 818 3504 pmeeedenti
840 3419 993 3483 relatione
1013 3420 1121 3507 aliqua
1139 3432 1252 3487 exorta
1271 3424 1314 3487 sit
1332 3446 1398 3488 sus-

162 3521 246 3607 picio
260 3533 369 3586 eontra
382 3522 526 3587 ‹leeorem
542 3522 595 3586 vel
616 3522 716 3608 ipsius
735 3545 885 3608 personae
898 3523 951 3589 rel
972 3524 1123 3606 familiae,
1138 3548 1157 3589 a
1171 3549 1235 3612 qua
1256 3538 1399 3612 parentes

162 3627 285 3690 moveri
312 3627 475 3711 potuerint
495 3625 536 3690 ad
559 3627 800 3690 matrimonium
822 3627 1015 3713 exigendum
1037 3636 1201 3715 tamquam
1224 3632 1397 3695 remedium

162 3729 262 3794 bonae
276 3729 381 3793 furuae
395 3730 633 3815 recuperandae.
672 3729 782 3794 Etiam
797 3729 1067 3817 investigandum,
1081 3732 1161 3818 quid
1176 3733 1252 3798 baec
1266 3756 1398 3820 persona

161 3833 271 3898 feccrit
285 3843 323 3898 nt
336 3857 356 3898 a
370 3834 530 3899 coactione
543 3844 713 3920 parentum
728 3856 793 3898 sese
808 3833 975 3900 liberaret:
997 3845 1108 3900 utrum
1122 3859 1229 3923 preces
1242 3838 1397 3903 adbibue-

161 3937 214 4020 rit,
238 3946 348 4002 utrum
370 3961 428 4002 tusa
449 3938 545 4002 suerit
568 3961 664 4023 opera
682 3937 819 4002 aliorum
841 3938 883 4003 ad
902 3951 1047 4024 parentes
1067 3962 1086 4003 a
1108 3941 1273 4026 proposito
1294 3942 1397 4007 ‹limc-

161 4042 293 4124 vendoS,
308 4053 418 4106 utrum
433 4051 465 4106 et
479 4042 639 4128 quomodo
654 4041 817 4127 propriam
836 4043 1033 4107 aversionem
1049 4053 1081 4107 et
1095 4045 1349 4111 contrarietatem
1364 4047 1397 4109 in

160 4143 245 4209 illud
273 4146 517 4211 matrimonium
544 4144 783 4233 significaverit,
808 4155 919 4210 utrum
947 4157 978 4210 et
1008 4146 1169 4234 quomodo
1197 4148 1297 4215 altera
1325 4171 1398 4236 pars

160 4269 290 4333 operam
304 4248 428 4314 dederit
446 4258 484 4312 ut
502 4248 744 4315 matrimonium
763 4272 875 4314 revera
888 4250 1138 4316 concluderetur.
1183 4252 1397 4319 Consideran-

161 4350 240 4416 dum
266 4354 336 4435 erit,
360 4362 470 4418 utrum
496 4353 626 4439 quaudo
648 4362 827 4418 contractus
851 4354 1097 4419 matrimonialis
1118 4364 1188 4420 erat
1211 4356 1396 4442 signandus

162 4454 297 4520 libenter
315 4466 347 4521 et
365 4457 434 4522 sine
452 4456 521 4522 ulla
540 4457 764 4542 protestatione
782 4456 817 4521 id
836 4459 1037 4544 praestiterit,
1052 4468 1162 4523 utrum
1181 4459 1292 4547 aliqua
1312 4460 1397 4526 iram

160 4558 306 4624 adbibita
320 4560 361 4624 ad
377 4560 473 4625 talem
488 4560 740 4646 obsignationem
755 4560 981 4644 obtinendam
1000 4560 1162 4648 quomodo
1176 4585 1243 4629 sese
1256 4565 1396 4652 gesserit,
