3142 5242
508 469 563 514 nr:
592 470 770 517 senonrs
800 469 1079 516 carnourcrs.
1345 452 1408 516 109

171 649 219 700 ex
231 623 594 723 congregationibus
608 623 845 700 dioecesanis
862 623 902 698 in
919 624 1098 700 domibus
1112 630 1152 698 et
1167 621 1408 723 temporibus

171 741 386 841 dequibus
417 740 701 816 examinatores
727 766 816 816 cum
842 740 1107 839 superioribus
1133 738 1407 832 convenerint3

171 884 243 958 pro
257 856 518 932 saecularibus
531 865 707 956 tempore
721 864 761 932 et
777 857 859 932 loco
878 858 927 932 ab
941 855 1269 932 examinatoribus
1283 854 1408 954 desig·

172 973 323 1050 randis.
377 973 567 1049 Materiae
584 981 624 1049 et
641 974 887 1073 quaestiones
910 998 981 1073 pro
1000 973 1176 1049 examine
1193 972 1235 1047 iu
1253 971 1408 1071 scriptis

169 1090 405 1166 conficiendo
423 1116 446 1165 a
463 1090 739 1166 commissariis
756 1090 991 1188 conjunctim
1015 1090 1353 1189 praeparabuntur
1369 1095 1409 1164 et

171 1207 235 1283 die
260 1206 450 1281 examinis
468 1207 529 1282 vel
557 1209 606 1282 ab
630 1233 706 1282 uno
730 1232 779 1282 ex
801 1206 897 1305 ipsis
914 1207 978 1281 vel
1003 1207 1052 1281 ab
1070 1205 1146 1281 alio
1165 1208 1361 1281 sacerdote
1384 1231 1409 1280 a

169 1323 349 1422 praeside
372 1322 655 1398 commissionis
677 1326 873 1422 deputato,
892 1322 934 1397 in
958 1322 1122 1421 epistola
1143 1321 1272 1420 sigillo
1296 1347 1405 1421 prae·

170 1439 266 1514 sidis
284 1439 437 1515 munita
459 1448 499 1514 et
521 1464 652 1514 coram
669 1439 939 1515 examinandis
957 1439 1166 1538 aperienda
1190 1463 1406 1544 proponen-

168 1563 245 1649 tur,
264 1554 332 1655 qui
349 1556 421 1630 sub
445 1555 565 1630 oculis
582 1555 839 1631 commissarii
856 1556 920 1630 vel
944 1554 1121 1654 deputati
1138 1554 1351 1630 solutiones
1368 1561 1408 1630 et

168 1667 356 1770 responsa
384 1673 608 1748 exorabunt.
659 1672 812 1770 Scripta
837 1678 948 1771 parte
972 1671 1161 1746 examinis
1188 1671 1237 1746 ab
1263 1671 1406 1747 exami-

169 1788 370 1863 natoribus
396 1789 550 1885 cognita
575 1796 615 1864 et
639 1789 838 1882 recensita,
864 1814 1026 1863 examen
1053 1787 1158 1863 orale
1184 1813 1310 1887 quam·
1328 1786 1405 1886 pri·

168 1930 279 1980 mum
305 1905 512 1981 habebitur
537 1930 667 1979 coram
693 1911 776 1980 tota
801 1905 1083 1980 commissione.
1135 1905 1359 2003 Antequam
1385 1929 1407 1980 e

167 2023 252 2097 loco
271 2021 460 2097 examinis
474 2022 684 2114 discedant,
698 2021 981 2097 examinatores
995 2021 1189 2120 triplicem
1203 2021 1406 2096 elenchum

166 2137 370 2213 conficient
399 2162 534 2213 eorum
560 2137 628 2238 qui
657 2137 699 2212 iu
730 2138 907 2214 examine
933 2137 1213 2230 satisfecerunt,
1240 2163 1407 2237 quorum

166 2280 291 2330 uuum
309 2280 380 2353 pro
399 2254 523 2330 sodali
541 2253 850 2353 congregationis
868 2253 1116 2330 dioecesanae
1134 2255 1290 2330 tradent
1307 2255 1339 2353 ej
1346 2280 1406 2330 us·

167 2373 258 2448 dem
272 2370 474 2470 superiori,
489 2377 558 2445 aut
570 2370 646 2470 ipsi
660 2370 866 2446 candidato
880 2371 912 2445 si
933 2370 985 2446 sit
997 2371 1221 2462 saecularis;
1240 2372 1407 2447 alterum

166 2489 273 2586 apud
292 2487 510 2586 praesidem
529 2486 813 2562 commissionis
830 2487 1071 2578 retinebunt;
1098 2487 1257 2563 tertium
1276 2495 1407 2563 autem

166 2606 218 2679 ad
236 2603 509 2678 cancellarium
528 2602 712 2679 dioecesis
730 2603 1022 2682 transmittente

218 2720 383 2809 Quando
418 2720 662 2819 regularibus
692 2726 761 2795 aut
790 2719 1152 2818 congregationibus
1182 2746 1280 2820 quae
1315 2747 1405 2797 suos

165 2837 314 2913 habent
336 2837 555 2936 superiores
573 2837 635 2912 vel
663 2862 752 2911 suas
774 2835 1048 2911 moderatrices
1071 2838 1271 2935 generales
1292 2838 1408 2936 juxta

165 2954 462 3030 constitutiones
488 2979 512 3028 a
537 2954 575 3028 S.
594 2954 692 3028 Sede
719 2953 965 3051 approbatas,
984 2952 1138 3028 scholae
1164 2953 1406 3052 parochiales

165 3071 396 3146 commissae
409 3078 512 3163 sunt,
526 3078 566 3144 et
578 3069 795 3168 Episcopus
809 3068 871 3143 vel
886 3094 934 3143 ex
947 3068 1170 3145 visitatione
1183 3071 1405 3147 scholarum

160 3188 277 3286 juxta
299 3193 418 3266 const.
437 3187 619 3262 Romanoa
636 3186 832 3286 Pontifices
848 3184 1040 3278 instituta,
1059 3186 1122 3260 vel
1141 3186 1299 3262 aliunde
1316 3213 1404 3288 pro·

165 3304 302 3379 batum
328 3303 480 3396 habeat,
499 3301 641 3378 alicubi
667 3304 718 3377 ad
743 3303 960 3377 docendum
984 3301 1170 3378 destinari
1198 3304 1406 3402 magistros

165 3427 235 3495 aut
270 3420 477 3518 magistras
516 3445 563 3494 ex
600 3419 686 3494 istis
725 3419 1087 3517 congregationibus
1126 3419 1297 3518 impares
1335 3446 1406 3496 suo

165 3537 331 3630 muneri,
351 3536 524 3611 monebit
547 3536 788 3635 superiorem
814 3543 858 3610 ut
882 3535 988 3610 intra
1010 3560 1226 3634 congruum
1250 3544 1407 3635 tempus

165 3654 392 3753 provideat3
419 3655 523 3752 quod
546 3651 581 3727 si
605 3652 782 3750 superior
805 3650 1029 3749 neglexerit,
1048 3652 1086 3726 S.
1106 3652 1407 3752 Congregationi

166 3770 429 3845 nuntiandum
447 3777 516 3862 est,
531 3777 575 3844 ut
592 3768 822 3867 opportunis
841 3767 1023 3842 remediis
1041 3777 1249 3845 succurrat.
1303 3769 1344 3844 Si
1362 3769 1404 3846 in

165 3885 455 3962 committendis
481 3885 623 3960 scholis
653 3883 940 3984 parochialibus
971 3892 1097 3959 certae
1127 3886 1324 3984 pactiones
1355 3887 1406 3961 ab

166 4002 385 4078 Ordinariis
411 4003 539 4100 quoad
570 4002 847 4099 magistrorum
874 4008 942 4075 aut
971 4000 1248 4099 magistrarum
1279 4002 1404 4102 desig·

166 4118 365 4193 nationem
383 4125 423 4193 et
438 4117 705 4210 remotionem,
720 4123 789 4191 aut
806 4117 1033 4192 methodum
1048 4118 1210 4194 docendi
1224 4119 1405 4195 scientias

165 4235 350 4334 profanas
367 4260 456 4310 oum
474 4233 738 4333 superioribus
752 4233 1095 4339 congregationum
1110 4235 1231 4309 initae
1245 4236 1324 4309 sint
1337 4243 1406 4311 aut

165 4351 208 4426 in
226 4351 402 4427 futurum
420 4351 612 4444 ineantur,
630 4350 722 4424 illae
740 4349 898 4424 omnino
916 4358 1131 4427 serventur.

217 4469 302 4543 204.
339 4467 500 4543 Praeter
517 4468 617 4542 hanc
634 4465 946 4541 commissionem
964 4468 1015 4541 ad
1036 4467 1242 4566 magistros
1261 4469 1403 4544 exami-

167 4586 317 4659 nandos
335 4609 406 4683 pro
420 4591 503 4660 tota
515 4583 679 4658 dioecesi
697 4582 930 4675 institutam,
945 4583 1129 4681 Episcopi
1146 4609 1217 4682 pro
1231 4583 1404 4660 locorum
