<?xml version="1.0" encoding="UTF-8"?>
<!DOCTYPE html PUBLIC "-//W3C//DTD XHTML 1.0 Transitional//EN"
    "http://www.w3.org/TR/xhtml1/DTD/xhtml1-transitional.dtd">
<html xmlns="http://www.w3.org/1999/xhtml" xml:lang="en" lang="en">
 <head>
  <title>
</title>
<meta http-equiv="Content-Type" content="text/html;charset=utf-8" />
  <meta name='ocr-system' content='tesseract 3.04.00' />
  <meta name='ocr-capabilities' content='ocr_page ocr_carea ocr_par ocr_line ocrx_word'/>
</head>
<body>
  <div class='ocr_page' id='page_1' title='image "./actaetdecretaco00gibbgoog_0046.png"; bbox 0 0 3142 5242; ppageno 0'>
   <div class='ocr_carea' id='block_1_1' title="bbox 316 444 1343 508">
    <p class='ocr_par' dir='ltr' id='par_1_1' title="bbox 316 444 1343 508">
     <span class='ocr_line' id='line_1_1' title="bbox 316 444 1343 508; baseline 0.002 -3"><span class='ocrx_word' id='word_1_1' title='bbox 316 461 712 508; x_wconf 73' lang='lat' dir='ltr'>concessarrorsns</span> <span class='ocrx_word' id='word_1_2' title='bbox 743 461 1129 508; x_wconf 67' lang='lat' dir='ltr'>rnlsnrnrrraars.</span> <span class='ocrx_word' id='word_1_3' title='bbox 1294 444 1343 507; x_wconf 87' lang='lat' dir='ltr'>xli</span> 
     </span>
    </p>
   </div>
   <div class='ocr_carea' id='block_1_2' title="bbox 103 615 1343 1121">
    <p class='ocr_par' dir='ltr' id='par_1_2' title="bbox 103 615 1343 1121">
     <span class='ocr_line' id='line_1_2' title="bbox 104 615 1343 705; baseline 0 -23"><span class='ocrx_word' id='word_1_4' title='bbox 104 615 360 703; x_wconf 88' lang='lat' dir='ltr'>metropolitana.</span> <span class='ocrx_word' id='word_1_5' title='bbox 405 616 551 682; x_wconf 81' lang='lat' dir='ltr'><strong>Recitata</strong></span> <span class='ocrx_word' id='word_1_6' title='bbox 564 640 622 704; x_wconf 92' lang='lat' dir='ltr'>per</span> <span class='ocrx_word' id='word_1_7' title='bbox 636 616 829 704; x_wconf 87' lang='lat' dir='ltr'>Delegatum</span> <span class='ocrx_word' id='word_1_8' title='bbox 844 618 1068 705; x_wconf 83' lang='lat' dir='ltr'>Apostolicum</span> <span class='ocrx_word' id='word_1_9' title='bbox 1083 617 1224 683; x_wconf 85' lang='lat' dir='ltr'>oratione</span> <span class='ocrx_word' id='word_1_10' title='bbox 1235 619 1343 683; x_wconf 77' lang='lat' dir='ltr'>Adsce-</span> 
     </span>
     <span class='ocr_line' id='line_1_3' title="bbox 104 708 1343 808; baseline 0.001 -22"><span class='ocrx_word' id='word_1_11' title='bbox 104 743 182 803; x_wconf 80' lang='lat' dir='ltr'>mce,</span> <span class='ocrx_word' id='word_1_12' title='bbox 211 720 343 786; x_wconf 87' lang='lat' dir='ltr'>brevem</span> <span class='ocrx_word' id='word_1_13' title='bbox 377 720 453 785; x_wconf 88' lang='lat' dir='ltr'>fecit</span> <span class='ocrx_word' id='word_1_14' title='bbox 487 720 723 787; x_wconf 80' lang='lat' dir='ltr'><strong>allocutionem.</strong></span> <span class='ocrx_word' id='word_1_15' title='bbox 780 708 955 808; x_wconf 47' lang='lat' dir='ltr'>&#39;Incipiens</span> <span class='ocrx_word' id='word_1_16' title='bbox 991 721 1032 786; x_wconf 93' lang='lat' dir='ltr'>de</span> <span class='ocrx_word' id='word_1_17' title='bbox 1067 745 1162 807; x_wconf 91' lang='lat' dir='ltr'>scopo</span> <span class='ocrx_word' id='word_1_18' title='bbox 1198 721 1343 788; x_wconf 84' lang='lat' dir='ltr'>Concilio</span> 
     </span>
     <span class='ocr_line' id='line_1_4' title="bbox 104 809 1343 913; baseline -0.001 -22"><span class='ocrx_word' id='word_1_19' title='bbox 104 809 280 913; x_wconf 88' lang='lat' dir='ltr'>proposito,</span> <span class='ocrx_word' id='word_1_20' title='bbox 304 823 545 909; x_wconf 88' lang='lat' dir='ltr'>animadvertit,</span> <span class='ocrx_word' id='word_1_21' title='bbox 570 847 675 890; x_wconf 90' lang='lat' dir='ltr'>unum</span> <span class='ocrx_word' id='word_1_22' title='bbox 707 848 774 891; x_wconf 87' lang='lat' dir='ltr'>esse</span> <span class='ocrx_word' id='word_1_23' title='bbox 806 826 973 913; x_wconf 87' lang='lat' dir='ltr'>utriusque</span> <span class='ocrx_word' id='word_1_24' title='bbox 1001 825 1124 892; x_wconf 84' lang='lat' dir='ltr'>ordinis</span> <span class='ocrx_word' id='word_1_25' title='bbox 1156 825 1343 891; x_wconf 83' lang='lat' dir='ltr'>hierarchici</span> 
     </span>
     <span class='ocr_line' id='line_1_5' title="bbox 104 928 1343 1017; baseline 0.001 -24"><span class='ocrx_word' id='word_1_26' title='bbox 104 929 202 994; x_wconf 89' lang='lat' dir='ltr'>finem</span> <span class='ocrx_word' id='word_1_27' title='bbox 221 937 254 994; x_wconf 91' lang='lat' dir='ltr'>et</span> <span class='ocrx_word' id='word_1_28' title='bbox 272 928 483 1015; x_wconf 86' lang='lat' dir='ltr'>propositum,</span> <span class='ocrx_word' id='word_1_29' title='bbox 497 929 636 1017; x_wconf 83' lang='lat' dir='ltr'>gloriam</span> <span class='ocrx_word' id='word_1_30' title='bbox 651 928 726 1014; x_wconf 87' lang='lat' dir='ltr'>Dei,</span> <span class='ocrx_word' id='word_1_31' title='bbox 740 929 902 996; x_wconf 80' lang='lat' dir='ltr'>Ecclesiae</span> <span class='ocrx_word' id='word_1_32' title='bbox 919 930 1193 1017; x_wconf 85' lang='lat' dir='ltr'>propagationem,</span> <span class='ocrx_word' id='word_1_33' title='bbox 1208 929 1343 994; x_wconf 88' lang='lat' dir='ltr'>salutem</span> 
     </span>
     <span class='ocr_line' id='line_1_6' title="bbox 103 1031 1342 1121; baseline 0.002 -24"><span class='ocrx_word' id='word_1_34' title='bbox 103 1032 295 1099; x_wconf 86' lang='lat' dir='ltr'>animarum.</span> <span class='ocrx_word' id='word_1_35' title='bbox 341 1035 362 1069; x_wconf 88' lang='lat'><strong>“</strong></span> <span class='ocrx_word' id='word_1_36' title='bbox 371 1031 557 1105; x_wconf 78' lang='lat' dir='ltr'>Divisiones</span> <span class='ocrx_word' id='word_1_37' title='bbox 569 1056 649 1100; x_wconf 88' lang='lat' dir='ltr'>vero</span> <span class='ocrx_word' id='word_1_38' title='bbox 664 1032 843 1121; x_wconf 85' lang='lat' dir='ltr'>gratiarum</span> <span class='ocrx_word' id='word_1_39' title='bbox 856 1043 943 1119; x_wconf 88' lang='lat' dir='ltr'>sunt,</span> <span class='ocrx_word' id='word_1_40' title='bbox 957 1032 1043 1099; x_wconf 89' lang='lat' dir='ltr'>idem</span> <span class='ocrx_word' id='word_1_41' title='bbox 1056 1041 1164 1098; x_wconf 85' lang='lat' dir='ltr'>autem</span> <span class='ocrx_word' id='word_1_42' title='bbox 1183 1032 1342 1118; x_wconf 84' lang='lat' dir='ltr'>Spiritus:</span> 
     </span>
    </p>
   </div>
   <div class='ocr_carea' id='block_1_3' title="bbox 103 1134 1346 3094">
    <p class='ocr_par' dir='ltr' id='par_1_3' title="bbox 103 1134 1345 2781">
     <span class='ocr_line' id='line_1_7' title="bbox 105 1134 1344 1223; baseline 0.002 -23"><span class='ocrx_word' id='word_1_43' title='bbox 105 1134 153 1200; x_wconf 86' lang='lat' dir='ltr'>Et</span> <span class='ocrx_word' id='word_1_44' title='bbox 186 1135 363 1202; x_wconf 80' lang='lat' dir='ltr'>divisiones</span> <span class='ocrx_word' id='word_1_45' title='bbox 399 1135 674 1203; x_wconf 76' lang='lat' dir='ltr'>ministrationum</span> <span class='ocrx_word' id='word_1_46' title='bbox 710 1146 799 1223; x_wconf 88' lang='lat' dir='ltr'>sunt,</span> <span class='ocrx_word' id='word_1_47' title='bbox 827 1137 914 1202; x_wconf 89' lang='lat' dir='ltr'>idem</span> <span class='ocrx_word' id='word_1_48' title='bbox 942 1146 1050 1203; x_wconf 89' lang='lat' dir='ltr'>autem</span> <span class='ocrx_word' id='word_1_49' title='bbox 1079 1137 1261 1203; x_wconf 82' lang='lat' dir='ltr'>Dominus:</span> <span class='ocrx_word' id='word_1_50' title='bbox 1298 1135 1344 1202; x_wconf 86' lang='lat' dir='ltr'>Et</span> 
     </span>
     <span class='ocr_line' id='line_1_8' title="bbox 103 1237 1345 1328; baseline 0.002 -24"><span class='ocrx_word' id='word_1_51' title='bbox 103 1237 279 1307; x_wconf 84' lang='lat' dir='ltr'>divisiones</span> <span class='ocrx_word' id='word_1_52' title='bbox 299 1240 520 1327; x_wconf 85' lang='lat' dir='ltr'>operationum</span> <span class='ocrx_word' id='word_1_53' title='bbox 540 1250 627 1325; x_wconf 89' lang='lat' dir='ltr'>sunt,</span> <span class='ocrx_word' id='word_1_54' title='bbox 648 1239 735 1306; x_wconf 90' lang='lat' dir='ltr'>idem</span> <span class='ocrx_word' id='word_1_55' title='bbox 757 1265 836 1308; x_wconf 87' lang='lat' dir='ltr'>vero</span> <span class='ocrx_word' id='word_1_56' title='bbox 864 1241 964 1327; x_wconf 90' lang='lat' dir='ltr'>Deus,</span> <span class='ocrx_word' id='word_1_57' title='bbox 986 1241 1044 1328; x_wconf 93' lang='lat' dir='ltr'>qui</span> <span class='ocrx_word' id='word_1_58' title='bbox 1065 1250 1215 1328; x_wconf 88' lang='lat' dir='ltr'>operatur</span> <span class='ocrx_word' id='word_1_59' title='bbox 1235 1240 1345 1306; x_wconf 84' lang='lat' dir='ltr'>omnia</span> 
     </span>
     <span class='ocr_line' id='line_1_9' title="bbox 103 1341 1344 1433; baseline 0.001 -24"><span class='ocrx_word' id='word_1_60' title='bbox 103 1341 139 1409; x_wconf 90' lang='lat' dir='ltr'>in</span> <span class='ocrx_word' id='word_1_61' title='bbox 161 1342 344 1410; x_wconf 88' lang='lat' dir='ltr'>omnibus.&#39;&#39;</span> <span class='ocrx_word' id='word_1_62' title='bbox 390 1343 421 1431; x_wconf 91' lang='lat'>(1</span> <span class='ocrx_word' id='word_1_63' title='bbox 435 1344 511 1411; x_wconf 87' lang='lat' dir='ltr'>Cor.</span> <span class='ocrx_word' id='word_1_64' title='bbox 527 1363 595 1411; x_wconf 72' lang='grc' dir='ltr'>ΧΠ.</span> <span class='ocrx_word' id='word_1_65' title='bbox 611 1349 633 1410; x_wconf 87' lang='grc'>4</span> <span class='ocrx_word' id='word_1_66' title='bbox 647 1343 732 1433; x_wconf 85' lang='lat' dir='ltr'>sqq.)</span> <span class='ocrx_word' id='word_1_67' title='bbox 776 1345 856 1413; x_wconf 91' lang='lat' dir='ltr'>Uno</span> <span class='ocrx_word' id='word_1_68' title='bbox 875 1346 984 1432; x_wconf 87' lang='lat' dir='ltr'>itaque</span> <span class='ocrx_word' id='word_1_69' title='bbox 1005 1344 1113 1410; x_wconf 88' lang='lat' dir='ltr'>studio</span> <span class='ocrx_word' id='word_1_70' title='bbox 1134 1353 1230 1431; x_wconf 90' lang='lat' dir='ltr'>atque</span> <span class='ocrx_word' id='word_1_71' title='bbox 1249 1342 1344 1410; x_wconf 89' lang='lat' dir='ltr'>corde</span> 
     </span>
     <span class='ocr_line' id='line_1_10' title="bbox 104 1447 1344 1535; baseline 0 -22"><span class='ocrx_word' id='word_1_72' title='bbox 104 1447 255 1513; x_wconf 91' lang='lat' dir='ltr'>omnibus</span> <span class='ocrx_word' id='word_1_73' title='bbox 274 1447 488 1514; x_wconf 87' lang='lat' dir='ltr'>laborandum</span> <span class='ocrx_word' id='word_1_74' title='bbox 509 1458 576 1532; x_wconf 90' lang='lat' dir='ltr'>est;</span> <span class='ocrx_word' id='word_1_75' title='bbox 597 1458 748 1514; x_wconf 91' lang='lat' dir='ltr'>mutuum</span> <span class='ocrx_word' id='word_1_76' title='bbox 770 1449 805 1514; x_wconf 93' lang='lat' dir='ltr'>in</span> <span class='ocrx_word' id='word_1_77' title='bbox 827 1449 966 1515; x_wconf 89' lang='lat' dir='ltr'>ferendis</span> <span class='ocrx_word' id='word_1_78' title='bbox 987 1449 1083 1515; x_wconf 89' lang='lat' dir='ltr'>novis</span> <span class='ocrx_word' id='word_1_79' title='bbox 1105 1448 1230 1535; x_wconf 90' lang='lat' dir='ltr'>legibus</span> <span class='ocrx_word' id='word_1_80' title='bbox 1250 1448 1344 1513; x_wconf 85' lang='lat' dir='ltr'>auxi·</span> 
     </span>
     <span class='ocr_line' id='line_1_11' title="bbox 104 1550 1344 1641; baseline 0.002 -26"><span class='ocrx_word' id='word_1_81' title='bbox 104 1550 189 1616; x_wconf 91' lang='lat' dir='ltr'>lium</span> <span class='ocrx_word' id='word_1_82' title='bbox 202 1551 265 1616; x_wconf 90' lang='lat' dir='ltr'>sibi</span> <span class='ocrx_word' id='word_1_83' title='bbox 278 1561 438 1639; x_wconf 86' lang='lat' dir='ltr'>praestare</span> <span class='ocrx_word' id='word_1_84' title='bbox 450 1550 569 1618; x_wconf 91' lang='lat' dir='ltr'>debent</span> <span class='ocrx_word' id='word_1_85' title='bbox 584 1552 739 1640; x_wconf 86' lang='lat' dir='ltr'>Episcopi</span> <span class='ocrx_word' id='word_1_86' title='bbox 752 1561 805 1641; x_wconf 89' lang='lat' dir='ltr'>atq</span> <span class='ocrx_word' id='word_1_87' title='bbox 810 1575 849 1619; x_wconf 90' lang='lat' dir='ltr'>ue</span> <span class='ocrx_word' id='word_1_88' title='bbox 869 1551 1048 1640; x_wconf 87' lang='lat' dir='ltr'>presbyteri</span> <span class='ocrx_word' id='word_1_89' title='bbox 1062 1552 1190 1617; x_wconf 90' lang='lat' dir='ltr'>collatis</span> <span class='ocrx_word' id='word_1_90' title='bbox 1212 1552 1297 1617; x_wconf 88' lang='lat' dir='ltr'>inter</span> <span class='ocrx_word' id='word_1_91' title='bbox 1310 1574 1344 1617; x_wconf 88' lang='lat' dir='ltr'>se</span> 
     </span>
     <span class='ocr_line' id='line_1_12' title="bbox 103 1655 1344 1744; baseline -0.001 -23"><span class='ocrx_word' id='word_1_92' title='bbox 103 1663 171 1721; x_wconf 86' lang='lat' dir='ltr'>tam</span> <span class='ocrx_word' id='word_1_93' title='bbox 192 1655 342 1721; x_wconf 81' lang='lat' dir='ltr'>scientiae</span> <span class='ocrx_word' id='word_1_94' title='bbox 362 1678 461 1744; x_wconf 90' lang='lat' dir='ltr'>quam</span> <span class='ocrx_word' id='word_1_95' title='bbox 482 1656 696 1743; x_wconf 84' lang='lat' dir='ltr'>experientiae</span> <span class='ocrx_word' id='word_1_96' title='bbox 716 1657 869 1722; x_wconf 91' lang='lat' dir='ltr'>consiliis.</span> <span class='ocrx_word' id='word_1_97' title='bbox 914 1655 1086 1744; x_wconf 77' lang='lat' dir='ltr'>Quidquid</span> <span class='ocrx_word' id='word_1_98' title='bbox 1107 1655 1195 1721; x_wconf 89' lang='lat' dir='ltr'>enim</span> <span class='ocrx_word' id='word_1_99' title='bbox 1216 1678 1257 1721; x_wconf 82' lang='lat' dir='ltr'>ex</span> <span class='ocrx_word' id='word_1_100' title='bbox 1278 1678 1344 1720; x_wconf 91' lang='lat' dir='ltr'>una</span> 
     </span>
     <span class='ocr_line' id='line_1_13' title="bbox 103 1759 1345 1848; baseline 0.001 -24"><span class='ocrx_word' id='word_1_101' title='bbox 103 1768 196 1846; x_wconf 82' lang='lat' dir='ltr'>parte</span> <span class='ocrx_word' id='word_1_102' title='bbox 218 1759 367 1825; x_wconf 88' lang='lat' dir='ltr'>conciliat</span> <span class='ocrx_word' id='word_1_103' title='bbox 382 1759 468 1825; x_wconf 86' lang='lat' dir='ltr'>clero</span> <span class='ocrx_word' id='word_1_104' title='bbox 489 1759 680 1848; x_wconf 85' lang='lat' dir='ltr'>dignitatem</span> <span class='ocrx_word' id='word_1_105' title='bbox 700 1759 763 1847; x_wconf 90' lang='lat' dir='ltr'>ipsi</span> <span class='ocrx_word' id='word_1_106' title='bbox 783 1759 924 1826; x_wconf 88' lang='lat' dir='ltr'>debitam</span> <span class='ocrx_word' id='word_1_107' title='bbox 947 1783 1072 1846; x_wconf 88' lang='lat' dir='ltr'>semper</span> <span class='ocrx_word' id='word_1_108' title='bbox 1090 1760 1152 1825; x_wconf 89' lang='lat' dir='ltr'>erit</span> <span class='ocrx_word' id='word_1_109' title='bbox 1176 1759 1345 1847; x_wconf 85' lang='lat' dir='ltr'>Episcopis</span> 
     </span>
     <span class='ocr_line' id='line_1_14' title="bbox 103 1862 1344 1952; baseline 0 -25"><span class='ocrx_word' id='word_1_110' title='bbox 103 1862 369 1950; x_wconf 87' lang='lat' dir='ltr'>acceptissimum,</span> <span class='ocrx_word' id='word_1_111' title='bbox 384 1872 471 1929; x_wconf 89' lang='lat' dir='ltr'>etex</span> <span class='ocrx_word' id='word_1_112' title='bbox 485 1863 630 1930; x_wconf 82' lang='lat' dir='ltr'>alienon</span> <span class='ocrx_word' id='word_1_113' title='bbox 651 1873 700 1930; x_wconf 79' lang='lat' dir='ltr'>est</span> <span class='ocrx_word' id='word_1_114' title='bbox 721 1863 858 1929; x_wconf 91' lang='lat' dir='ltr'>dubium</span> <span class='ocrx_word' id='word_1_115' title='bbox 881 1865 962 1952; x_wconf 91' lang='lat' dir='ltr'>quin</span> <span class='ocrx_word' id='word_1_116' title='bbox 985 1886 1085 1952; x_wconf 88' lang='lat' dir='ltr'>aeque</span> <span class='ocrx_word' id='word_1_117' title='bbox 1107 1863 1193 1929; x_wconf 89' lang='lat' dir='ltr'>clero</span> <span class='ocrx_word' id='word_1_118' title='bbox 1215 1872 1344 1950; x_wconf 90' lang='lat' dir='ltr'>gratum</span> 
     </span>
     <span class='ocr_line' id='line_1_15' title="bbox 103 1965 1344 2055; baseline -0.001 -23"><span class='ocrx_word' id='word_1_119' title='bbox 103 1965 146 2032; x_wconf 89' lang='lat' dir='ltr'>sit</span> <span class='ocrx_word' id='word_1_120' title='bbox 155 1966 317 2055; x_wconf 91' lang='lat' dir='ltr'>quidquid</span> <span class='ocrx_word' id='word_1_121' title='bbox 327 1990 438 2034; x_wconf 88' lang='lat' dir='ltr'>veram</span> <span class='ocrx_word' id='word_1_122' title='bbox 449 1968 559 2035; x_wconf 82' lang='lat' dir='ltr'>foveat</span> <span class='ocrx_word' id='word_1_123' title='bbox 569 1967 804 2055; x_wconf 85' lang='lat' dir='ltr'>Episcoporum</span> <span class='ocrx_word' id='word_1_124' title='bbox 818 1967 1049 2034; x_wconf 86' lang='lat' dir='ltr'>auctoritatem.</span> <span class='ocrx_word' id='word_1_125' title='bbox 1095 1966 1244 2033; x_wconf 87' lang='lat' dir='ltr'>Indivisa</span> <span class='ocrx_word' id='word_1_126' title='bbox 1258 1966 1344 2032; x_wconf 92' lang='lat' dir='ltr'>enim</span> 
     </span>
     <span class='ocr_line' id='line_1_16' title="bbox 104 2070 1344 2159; baseline -0.001 -22"><span class='ocrx_word' id='word_1_127' title='bbox 104 2079 181 2137; x_wconf 82' lang='lat' dir='ltr'>sunt</span> <span class='ocrx_word' id='word_1_128' title='bbox 194 2070 303 2137; x_wconf 86' lang='lat' dir='ltr'>studia</span> <span class='ocrx_word' id='word_1_129' title='bbox 315 2095 352 2136; x_wconf 89' lang='lat' dir='ltr'>ac</span> <span class='ocrx_word' id='word_1_130' title='bbox 371 2070 513 2158; x_wconf 84' lang='lat' dir='ltr'>dignitas</span> <span class='ocrx_word' id='word_1_131' title='bbox 534 2082 654 2156; x_wconf 90' lang='lat' dir='ltr'>nostra,</span> <span class='ocrx_word' id='word_1_132' title='bbox 668 2095 772 2159; x_wconf 88' lang='lat' dir='ltr'>neque</span> <span class='ocrx_word' id='word_1_133' title='bbox 792 2072 899 2139; x_wconf 88' lang='lat' dir='ltr'>dividi</span> <span class='ocrx_word' id='word_1_134' title='bbox 920 2081 1065 2158; x_wconf 89' lang='lat' dir='ltr'>possunt.</span> <span class='ocrx_word' id='word_1_135' title='bbox 1110 2071 1247 2137; x_wconf 87' lang='lat' dir='ltr'>Patrum</span> <span class='ocrx_word' id='word_1_136' title='bbox 1268 2094 1344 2158; x_wconf 88' lang='lat' dir='ltr'>ergo</span> 
     </span>
     <span class='ocr_line' id='line_1_17' title="bbox 104 2173 1344 2263; baseline 0.002 -25"><span class='ocrx_word' id='word_1_137' title='bbox 104 2174 298 2240; x_wconf 75' lang='lat' dir='ltr'>desiderium</span> <span class='ocrx_word' id='word_1_138' title='bbox 313 2183 413 2240; x_wconf 87' lang='lat' dir='ltr'>estut</span> <span class='ocrx_word' id='word_1_139' title='bbox 426 2175 568 2262; x_wconf 84' lang='lat' dir='ltr'>theologi</span> <span class='ocrx_word' id='word_1_140' title='bbox 582 2173 624 2240; x_wconf 85' lang='lat' dir='ltr'>ad</span> <span class='ocrx_word' id='word_1_141' title='bbox 639 2175 823 2241; x_wconf 82' lang='lat' dir='ltr'>Concilium</span> <span class='ocrx_word' id='word_1_142' title='bbox 837 2177 954 2260; x_wconf 87' lang='lat' dir='ltr'>vocati,</span> <span class='ocrx_word' id='word_1_143' title='bbox 963 2199 1044 2262; x_wconf 89' lang='lat' dir='ltr'>quae</span> <span class='ocrx_word' id='word_1_144' title='bbox 1057 2174 1136 2263; x_wconf 91' lang='lat' dir='ltr'>ipsis</span> <span class='ocrx_word' id='word_1_145' title='bbox 1151 2175 1191 2246; x_wconf 57' lang='lat' dir='ltr'>in,</span> <span class='ocrx_word' id='word_1_146' title='bbox 1200 2173 1344 2241; x_wconf 87' lang='lat' dir='ltr'>Domino</span> 
     </span>
     <span class='ocr_line' id='line_1_18' title="bbox 104 2277 1344 2366; baseline -0.002 -22"><span class='ocrx_word' id='word_1_147' title='bbox 104 2277 184 2344; x_wconf 89' lang='lat' dir='ltr'>bene</span> <span class='ocrx_word' id='word_1_148' title='bbox 198 2278 269 2344; x_wconf 85' lang='lat' dir='ltr'>visa</span> <span class='ocrx_word' id='word_1_149' title='bbox 283 2278 405 2344; x_wconf 88' lang='lat' dir='ltr'>fuerint</span> <span class='ocrx_word' id='word_1_150' title='bbox 418 2279 501 2343; x_wconf 91' lang='lat' dir='ltr'>circa</span> <span class='ocrx_word' id='word_1_151' title='bbox 514 2279 640 2345; x_wconf 87' lang='lat' dir='ltr'>decreta</span> <span class='ocrx_word' id='word_1_152' title='bbox 660 2279 825 2366; x_wconf 86' lang='lat' dir='ltr'>proposita</span> <span class='ocrx_word' id='word_1_153' title='bbox 838 2280 990 2366; x_wconf 88' lang='lat' dir='ltr'>variaque</span> <span class='ocrx_word' id='word_1_154' title='bbox 1011 2278 1198 2364; x_wconf 87' lang='lat' dir='ltr'>disciplinae</span> <span class='ocrx_word' id='word_1_155' title='bbox 1219 2278 1344 2344; x_wconf 77' lang='lat' dir='ltr'>ecclesi·</span> 
     </span>
     <span class='ocr_line' id='line_1_19' title="bbox 104 2381 1345 2469; baseline -0.001 -22"><span class='ocrx_word' id='word_1_156' title='bbox 104 2381 219 2447; x_wconf 86' lang='lat' dir='ltr'>asticae</span> <span class='ocrx_word' id='word_1_157' title='bbox 240 2382 355 2468; x_wconf 87' lang='lat' dir='ltr'>capita,</span> <span class='ocrx_word' id='word_1_158' title='bbox 376 2382 475 2448; x_wconf 87' lang='lat' dir='ltr'>libere</span> <span class='ocrx_word' id='word_1_159' title='bbox 494 2391 526 2447; x_wconf 89' lang='lat' dir='ltr'>et</span> <span class='ocrx_word' id='word_1_160' title='bbox 545 2391 653 2469; x_wconf 88' lang='lat' dir='ltr'>aperte</span> <span class='ocrx_word' id='word_1_161' title='bbox 674 2383 844 2448; x_wconf 84' lang='lat' dir='ltr'>fateantur.</span> <span class='ocrx_word' id='word_1_162' title='bbox 889 2381 1047 2448; x_wconf 91' lang='lat' dir='ltr'>Omnium</span> <span class='ocrx_word' id='word_1_163' title='bbox 1073 2383 1159 2448; x_wconf 93' lang='lat' dir='ltr'>enim</span> <span class='ocrx_word' id='word_1_164' title='bbox 1183 2382 1345 2447; x_wconf 89' lang='lat' dir='ltr'>mentibus</span> 
     </span>
     <span class='ocr_line' id='line_1_20' title="bbox 104 2485 1345 2574; baseline 0.001 -24"><span class='ocrx_word' id='word_1_165' title='bbox 104 2486 197 2574; x_wconf 81' lang='lat' dir='ltr'>quasi</span> <span class='ocrx_word' id='word_1_166' title='bbox 227 2486 365 2551; x_wconf 87' lang='lat' dir='ltr'>fratrum</span> <span class='ocrx_word' id='word_1_167' title='bbox 390 2487 426 2551; x_wconf 90' lang='lat' dir='ltr'>in</span> <span class='ocrx_word' id='word_1_168' title='bbox 448 2509 551 2552; x_wconf 89' lang='lat' dir='ltr'>unum</span> <span class='ocrx_word' id='word_1_169' title='bbox 574 2485 791 2552; x_wconf 83' lang='lat' dir='ltr'>habitantium</span> <span class='ocrx_word' id='word_1_170' title='bbox 817 2487 1093 2571; x_wconf 87' lang='lat' dir='ltr'>concordantibus,</span> <span class='ocrx_word' id='word_1_171' title='bbox 1119 2485 1262 2572; x_wconf 86' lang='lat' dir='ltr'>Spiritus</span> <span class='ocrx_word' id='word_1_172' title='bbox 1287 2485 1345 2551; x_wconf 88' lang='lat' dir='ltr'>ille</span> 
     </span>
     <span class='ocr_line' id='line_1_21' title="bbox 104 2589 1345 2677; baseline 0 -23"><span class='ocrx_word' id='word_1_173' title='bbox 104 2590 191 2676; x_wconf 87' lang='lat' dir='ltr'>pacis</span> <span class='ocrx_word' id='word_1_174' title='bbox 206 2598 239 2655; x_wconf 88' lang='lat' dir='ltr'>et</span> <span class='ocrx_word' id='word_1_175' title='bbox 257 2590 400 2673; x_wconf 87' lang='lat' dir='ltr'>unitatis,</span> <span class='ocrx_word' id='word_1_176' title='bbox 415 2591 534 2677; x_wconf 90' lang='lat' dir='ltr'>dequo</span> <span class='ocrx_word' id='word_1_177' title='bbox 549 2591 582 2657; x_wconf 87' lang='lat' dir='ltr'>S.</span> <span class='ocrx_word' id='word_1_178' title='bbox 598 2589 722 2656; x_wconf 89' lang='lat' dir='ltr'>Paulus</span> <span class='ocrx_word' id='word_1_179' title='bbox 742 2597 808 2654; x_wconf 89' lang='lat' dir='ltr'>tam</span> <span class='ocrx_word' id='word_1_180' title='bbox 830 2590 965 2676; x_wconf 88' lang='lat' dir='ltr'>pulchre</span> <span class='ocrx_word' id='word_1_181' title='bbox 987 2589 1141 2677; x_wconf 88' lang='lat' dir='ltr'>loquitur,</span> <span class='ocrx_word' id='word_1_182' title='bbox 1156 2611 1237 2676; x_wconf 91' lang='lat' dir='ltr'>opus</span> <span class='ocrx_word' id='word_1_183' title='bbox 1258 2589 1292 2654; x_wconf 91' lang='lat' dir='ltr'>N</span> <span class='ocrx_word' id='word_1_184' title='bbox 1294 2612 1345 2654; x_wconf 89' lang='lat' dir='ltr'>os·</span> 
     </span>
     <span class='ocr_line' id='line_1_22' title="bbox 104 2693 704 2781; baseline 0.002 -22"><span class='ocrx_word' id='word_1_185' title='bbox 104 2702 192 2759; x_wconf 85' lang='lat' dir='ltr'>trum</span> <span class='ocrx_word' id='word_1_186' title='bbox 207 2693 249 2758; x_wconf 88' lang='lat' dir='ltr'>ad</span> <span class='ocrx_word' id='word_1_187' title='bbox 264 2694 389 2759; x_wconf 90' lang='lat' dir='ltr'>felicem</span> <span class='ocrx_word' id='word_1_188' title='bbox 405 2694 528 2759; x_wconf 87' lang='lat' dir='ltr'>exitum</span> <span class='ocrx_word' id='word_1_189' title='bbox 543 2694 704 2781; x_wconf 88' lang='lat' dir='ltr'>perducet.</span> 
     </span>
    </p>

    <p class='ocr_par' dir='ltr' id='par_1_4' title="bbox 104 2797 1346 3094">
     <span class='ocr_line' id='line_1_23' title="bbox 148 2797 1345 2886; baseline -0.001 -23"><span class='ocrx_word' id='word_1_190' title='bbox 148 2798 279 2878; x_wconf 76' lang='lat' dir='ltr'>Quibus</span> <span class='ocrx_word' id='word_1_191' title='bbox 307 2799 412 2882; x_wconf 88' lang='lat' dir='ltr'>dietis,</span> <span class='ocrx_word' id='word_1_192' title='bbox 436 2798 612 2886; x_wconf 87' lang='lat' dir='ltr'>Delegatus</span> <span class='ocrx_word' id='word_1_193' title='bbox 636 2798 844 2885; x_wconf 84' lang='lat' dir='ltr'>Apostolicus</span> <span class='ocrx_word' id='word_1_194' title='bbox 873 2798 1041 2866; x_wconf 85' lang='lat' dir='ltr'>mandavit</span> <span class='ocrx_word' id='word_1_195' title='bbox 1066 2808 1104 2864; x_wconf 94' lang='lat' dir='ltr'>ut</span> <span class='ocrx_word' id='word_1_196' title='bbox 1132 2821 1189 2886; x_wconf 90' lang='lat' dir='ltr'>per</span> <span class='ocrx_word' id='word_1_197' title='bbox 1212 2797 1345 2865; x_wconf 86' lang='lat' dir='ltr'>Cancel-</span> 
     </span>
     <span class='ocr_line' id='line_1_24' title="bbox 104 2899 1346 2990; baseline 0 -24"><span class='ocrx_word' id='word_1_198' title='bbox 104 2899 223 2967; x_wconf 82' lang='lat' dir='ltr'>lnrium</span> <span class='ocrx_word' id='word_1_199' title='bbox 249 2901 407 2989; x_wconf 87' lang='lat' dir='ltr'>legantur,</span> <span class='ocrx_word' id='word_1_200' title='bbox 436 2925 519 2990; x_wconf 88' lang='lat' dir='ltr'>quae</span> <span class='ocrx_word' id='word_1_201' title='bbox 548 2903 581 2966; x_wconf 91' lang='lat' dir='ltr'>in</span> <span class='ocrx_word' id='word_1_202' title='bbox 611 2911 702 2967; x_wconf 89' lang='lat' dir='ltr'>coetu</span> <span class='ocrx_word' id='word_1_203' title='bbox 731 2902 878 2967; x_wconf 89' lang='lat' dir='ltr'>hesterno</span> <span class='ocrx_word' id='word_1_204' title='bbox 907 2903 1082 2990; x_wconf 88' lang='lat' dir='ltr'>approbata</span> <span class='ocrx_word' id='word_1_205' title='bbox 1110 2913 1197 2987; x_wconf 85' lang='lat' dir='ltr'>sunt,</span> <span class='ocrx_word' id='word_1_206' title='bbox 1225 2903 1346 2967; x_wconf 88' lang='lat' dir='ltr'>scilicet</span> 
     </span>
     <span class='ocr_line' id='line_1_25' title="bbox 105 3003 1344 3094; baseline -0.001 -23"><span class='ocrx_word' id='word_1_207' title='bbox 105 3003 269 3071; x_wconf 90' lang='lat' dir='ltr'>Elenchus</span> <span class='ocrx_word' id='word_1_208' title='bbox 290 3006 516 3092; x_wconf 89' lang='lat' dir='ltr'>Synodalium,</span> <span class='ocrx_word' id='word_1_209' title='bbox 535 3006 709 3094; x_wconf 87' lang='lat' dir='ltr'>Catalogus</span> <span class='ocrx_word' id='word_1_210' title='bbox 735 3005 944 3091; x_wconf 88' lang='lat' dir='ltr'>Officialium,</span> <span class='ocrx_word' id='word_1_211' title='bbox 962 3006 1054 3072; x_wconf 90' lang='lat' dir='ltr'>Ordo</span> <span class='ocrx_word' id='word_1_212' title='bbox 1077 3006 1344 3094; x_wconf 87' lang='lat' dir='ltr'>Deputationum‚</span> 
     </span>
    </p>
   </div>
   <div class='ocr_carea' id='block_1_4' title="bbox 104 3108 1345 3293">
    <p class='ocr_par' dir='ltr' id='par_1_5' title="bbox 104 3108 1345 3293">
     <span class='ocr_line' id='line_1_26' title="bbox 104 3108 1345 3197; baseline 0.001 -24"><span class='ocrx_word' id='word_1_213' title='bbox 104 3108 280 3175; x_wconf 89' lang='lat' dir='ltr'>Methodus</span> <span class='ocrx_word' id='word_1_214' title='bbox 308 3110 500 3177; x_wconf 83' lang='lat' dir='ltr'>Conciliaris</span> <span class='ocrx_word' id='word_1_215' title='bbox 528 3119 561 3175; x_wconf 93' lang='lat' dir='ltr'>et</span> <span class='ocrx_word' id='word_1_216' title='bbox 586 3109 684 3176; x_wconf 88' lang='lat' dir='ltr'>Ratio</span> <span class='ocrx_word' id='word_1_217' title='bbox 704 3109 923 3176; x_wconf 86' lang='lat' dir='ltr'>Delibemndi.</span> <span class='ocrx_word' id='word_1_218' title='bbox 969 3111 1100 3190; x_wconf 79' lang='lat' dir='ltr'>Quibus</span> <span class='ocrx_word' id='word_1_219' title='bbox 1121 3110 1293 3197; x_wconf 89' lang='lat' dir='ltr'>publicatis</span> <span class='ocrx_word' id='word_1_220' title='bbox 1313 3118 1345 3174; x_wconf 93' lang='lat' dir='ltr'>et</span> 
     </span>
     <span class='ocr_line' id='line_1_27' title="bbox 105 3207 1344 3293; baseline -0.001 -20"><span class='ocrx_word' id='word_1_221' title='bbox 105 3207 187 3274; x_wconf 88' lang='lat' dir='ltr'>lecto</span> <span class='ocrx_word' id='word_1_222' title='bbox 200 3209 329 3274; x_wconf 77' lang='lat' dir='ltr'>Decreta</span> <span class='ocrx_word' id='word_1_223' title='bbox 343 3210 381 3274; x_wconf 78' lang='lat' dir='ltr'>de</span> <span class='ocrx_word' id='word_1_224' title='bbox 394 3211 512 3275; x_wconf 78' lang='lat' dir='ltr'>Secreto</span> <span class='ocrx_word' id='word_1_225' title='bbox 525 3210 685 3275; x_wconf 51' lang='lat' dir='ltr'>mando</span> <span class='ocrx_word' id='word_1_226' title='bbox 699 3216 726 3274; x_wconf 85' lang='lat' dir='ltr'>et</span> <span class='ocrx_word' id='word_1_227' title='bbox 740 3209 895 3276; x_wconf 80' lang='lat' dir='ltr'>Scheraote</span> <span class='ocrx_word' id='word_1_228' title='bbox 915 3210 1115 3275; x_wconf 74' lang='lat' dir='ltr'>Decretorum</span> <span class='ocrx_word' id='word_1_229' title='bbox 1135 3209 1344 3293; x_wconf 80' lang='lat' dir='ltr'>Restiteendo,</span> 
     </span>
    </p>
   </div>
   <div class='ocr_carea' id='block_1_5' title="bbox 102 3312 1346 3502">
    <p class='ocr_par' dir='ltr' id='par_1_6' title="bbox 102 3312 1346 3502">
     <span class='ocr_line' id='line_1_28' title="bbox 104 3312 1346 3401; baseline 0 -23"><span class='ocrx_word' id='word_1_230' title='bbox 104 3312 243 3378; x_wconf 78' lang='lat' dir='ltr'>Consilii</span> <span class='ocrx_word' id='word_1_231' title='bbox 258 3313 388 3379; x_wconf 75' lang='lat' dir='ltr'>Praeses</span> <span class='ocrx_word' id='word_1_232' title='bbox 402 3315 550 3401; x_wconf 89' lang='lat' dir='ltr'>rogavit:</span> <span class='ocrx_word' id='word_1_233' title='bbox 573 3317 593 3349; x_wconf 88' lang='lat'><strong>“</strong></span> <span class='ocrx_word' id='word_1_234' title='bbox 604 3313 842 3379; x_wconf 90' lang='lat' dir='ltr'>Promittitisne</span> <span class='ocrx_word' id='word_1_235' title='bbox 855 3314 1020 3379; x_wconf 89' lang='lat' dir='ltr'>silentium</span> <span class='ocrx_word' id='word_1_236' title='bbox 1036 3337 1096 3381; x_wconf 91' lang='lat' dir='ltr'>vos</span> <span class='ocrx_word' id='word_1_237' title='bbox 1110 3336 1219 3379; x_wconf 88' lang='lat' dir='ltr'>omnes</span> <span class='ocrx_word' id='word_1_238' title='bbox 1238 3324 1346 3378; x_wconf 85' lang='lat' dir='ltr'>sancte</span> 
     </span>
     <span class='ocr_line' id='line_1_29' title="bbox 102 3416 1345 3502; baseline 0 -21"><span class='ocrx_word' id='word_1_239' title='bbox 102 3426 296 3502; x_wconf 67' lang='lat' dir='ltr'>servaturos</span> <span class='ocrx_word' id='word_1_240' title='bbox 316 3427 349 3483; x_wconf 90' lang='lat' dir='ltr'>et</span> <span class='ocrx_word' id='word_1_241' title='bbox 370 3418 524 3483; x_wconf 89' lang='lat' dir='ltr'>tradenda</span> <span class='ocrx_word' id='word_1_242' title='bbox 548 3418 642 3485; x_wconf 87' lang='lat' dir='ltr'>vobis</span> <span class='ocrx_word' id='word_1_243' title='bbox 666 3416 876 3482; x_wconf 86' lang='lat' dir='ltr'>Decretorum</span> <span class='ocrx_word' id='word_1_244' title='bbox 902 3417 1037 3483; x_wconf 86' lang='lat' dir='ltr'>Schema</span> <span class='ocrx_word' id='word_1_245' title='bbox 1060 3417 1196 3483; x_wconf 88' lang='lat' dir='ltr'>fideliter</span> <span class='ocrx_word' id='word_1_246' title='bbox 1217 3416 1345 3482; x_wconf 87' lang='lat' dir='ltr'>restitu-</span> 
     </span>
    </p>
   </div>
   <div class='ocr_carea' id='block_1_6' title="bbox 101 3519 1468 3609">
    <p class='ocr_par' dir='ltr' id='par_1_7' title="bbox 101 3519 1468 3609">
     <span class='ocr_line' id='line_1_30' title="bbox 101 3519 1468 3609; baseline 0 -23"><span class='ocrx_word' id='word_1_247' title='bbox 101 3519 250 3587; x_wconf 82' lang='lat' dir='ltr'>turos?”</span> <span class='ocrx_word' id='word_1_248' title='bbox 310 3522 560 3608; x_wconf 69' lang='lat' dir='ltr'>Responderunt</span> <span class='ocrx_word' id='word_1_249' title='bbox 588 3521 726 3609; x_wconf 81' lang='lat' dir='ltr'>singuli:</span> <span class='ocrx_word' id='word_1_250' title='bbox 763 3521 955 3587; x_wconf 90' lang='lat' dir='ltr'>“Promitto</span> <span class='ocrx_word' id='word_1_251' title='bbox 991 3521 1173 3609; x_wconf 89' lang='lat' dir='ltr'>perfidem</span> <span class='ocrx_word' id='word_1_252' title='bbox 1202 3519 1345 3586; x_wconf 87' lang='lat' dir='ltr'>sacerdo-</span> <span class='ocrx_word' id='word_1_253' title='bbox 1465 3531 1468 3537; x_wconf 77' lang='grc'>’</span> 
     </span>
    </p>
   </div>
   <div class='ocr_carea' id='block_1_7' title="bbox 100 3623 1345 3920">
    <p class='ocr_par' dir='ltr' id='par_1_8' title="bbox 100 3623 1345 3920">
     <span class='ocr_line' id='line_1_31' title="bbox 100 3623 1345 3713; baseline -0.002 -23"><span class='ocrx_word' id='word_1_254' title='bbox 100 3623 234 3690; x_wconf 59' lang='lat' dir='ltr'>taleass’</span> <span class='ocrx_word' id='word_1_255' title='bbox 278 3625 400 3690; x_wconf 87' lang='lat' dir='ltr'>Libelli</span> <span class='ocrx_word' id='word_1_256' title='bbox 420 3625 619 3691; x_wconf 88' lang='lat' dir='ltr'>decretorum</span> <span class='ocrx_word' id='word_1_257' title='bbox 640 3633 673 3691; x_wconf 93' lang='lat' dir='ltr'>et</span> <span class='ocrx_word' id='word_1_258' title='bbox 694 3623 829 3690; x_wconf 86' lang='lat' dir='ltr'>Ordinis</span> <span class='ocrx_word' id='word_1_259' title='bbox 850 3625 1074 3713; x_wconf 86' lang='lat' dir='ltr'>Agendorum‚</span> <span class='ocrx_word' id='word_1_260' title='bbox 1096 3626 1189 3690; x_wconf 83' lang='lat' dir='ltr'>finita</span> <span class='ocrx_word' id='word_1_261' title='bbox 1214 3647 1345 3711; x_wconf 89' lang='lat' dir='ltr'>congre-</span> 
     </span>
     <span class='ocr_line' id='line_1_32' title="bbox 100 3729 709 3817; baseline 0.002 -24"><span class='ocrx_word' id='word_1_262' title='bbox 100 3729 243 3817; x_wconf 85' lang='lat' dir='ltr'>gatione,</span> <span class='ocrx_word' id='word_1_263' title='bbox 257 3729 416 3817; x_wconf 87' lang='lat' dir='ltr'>theologis</span> <span class='ocrx_word' id='word_1_264' title='bbox 436 3729 602 3795; x_wconf 89' lang='lat' dir='ltr'>distributi</span> <span class='ocrx_word' id='word_1_265' title='bbox 623 3738 709 3794; x_wconf 91' lang='lat' dir='ltr'>sunt.</span> 
     </span>
     <span class='ocr_line' id='line_1_33' title="bbox 148 3831 1345 3920; baseline -0.001 -23"><span class='ocrx_word' id='word_1_266' title='bbox 148 3831 299 3919; x_wconf 91' lang='lat' dir='ltr'>Denique</span> <span class='ocrx_word' id='word_1_267' title='bbox 318 3832 495 3920; x_wconf 86' lang='lat' dir='ltr'>Delegatus</span> <span class='ocrx_word' id='word_1_268' title='bbox 515 3832 723 3919; x_wconf 85' lang='lat' dir='ltr'>Apostolicus</span> <span class='ocrx_word' id='word_1_269' title='bbox 745 3833 968 3920; x_wconf 84' lang='lat' dir='ltr'>promulgavit</span> <span class='ocrx_word' id='word_1_270' title='bbox 988 3833 1150 3899; x_wconf 79' lang='lat' dir='ltr'>Decretum</span> <span class='ocrx_word' id='word_1_271' title='bbox 1172 3833 1211 3897; x_wconf 89' lang='lat' dir='ltr'>de</span> <span class='ocrx_word' id='word_1_272' title='bbox 1231 3833 1345 3897; x_wconf 72' lang='lat' dir='ltr'>Prima</span> 
     </span>
    </p>
   </div>
   <div class='ocr_carea' id='block_1_8' title="bbox 100 3934 1344 4105">
    <p class='ocr_par' dir='ltr' id='par_1_9' title="bbox 100 3934 1344 4105">
     <span class='ocr_line' id='line_1_34' title="bbox 100 3934 1344 4024; baseline -0.001 -22"><span class='ocrx_word' id='word_1_273' title='bbox 100 3936 243 4002; x_wconf 64' lang='lat' dir='ltr'>sessim</span> <span class='ocrx_word' id='word_1_274' title='bbox 270 3936 405 4001; x_wconf 67' lang='lat' dir='ltr'>soleam</span> <span class='ocrx_word' id='word_1_275' title='bbox 433 3937 572 4001; x_wconf 88' lang='lat' dir='ltr'>crastina</span> <span class='ocrx_word' id='word_1_276' title='bbox 600 3934 653 4001; x_wconf 88' lang='lat' dir='ltr'>die</span> <span class='ocrx_word' id='word_1_277' title='bbox 681 3936 879 4002; x_wconf 87' lang='lat' dir='ltr'>celebranda.</span> <span class='ocrx_word' id='word_1_278' title='bbox 923 3937 1030 4003; x_wconf 89' lang='lat' dir='ltr'>Dictis</span> <span class='ocrx_word' id='word_1_279' title='bbox 1051 3937 1166 4002; x_wconf 85' lang='lat' dir='ltr'>dcinde</span> <span class='ocrx_word' id='word_1_280' title='bbox 1187 3936 1344 4024; x_wconf 85' lang='lat' dir='ltr'>precibus,</span> 
     </span>
     <span class='ocr_line' id='line_1_35' title="bbox 100 4049 432 4105; baseline 0.003 -1"><span class='ocrx_word' id='word_1_281' title='bbox 100 4061 215 4104; x_wconf 87' lang='lat' dir='ltr'>omnes</span> <span class='ocrx_word' id='word_1_282' title='bbox 229 4049 432 4105; x_wconf 72' lang='lat' dir='ltr'>roeesserunt.</span> 
     </span>
    </p>
   </div>
   <div class='ocr_carea' id='block_1_9' title="bbox 0 0 1576 5242">
    <p class='ocr_par' dir='ltr' id='par_1_10' title="bbox 0 0 1576 5242">
     <span class='ocr_line' id='line_1_36' title="bbox 0 0 1576 5242; baseline 0 0"><span class='ocrx_word' id='word_1_283' title='bbox 0 0 1576 5242; x_wconf 95' lang='lat' dir='ltr'> </span> 
     </span>
    </p>
   </div>
  </div>
 </body>
</html>
