3142 5242
161 475 226 540 278
619 538 622 543 ,
663 490 915 539 nrrnunrx.

163 647 389 735 interpellatio,
403 656 462 714 aut
474 646 589 714 saltem
603 670 624 713 a
637 646 784 735 legitima
798 654 956 734 potestate
969 644 1071 711 fuerit
1084 666 1184 730 super
1198 640 1314 708 eadem
1328 640 1422 705 inter·
1454 628 1457 634 ¹

164 750 336 839 pollutione
348 752 579 839 dispensatum.
624 751 797 831 Quatenus
812 749 995 815 eonstiterit
1008 747 1050 814 de
1064 747 1152 813 facta
1165 744 1423 833 interpellatione

165 862 221 921 aut
245 853 287 920 dc
311 854 401 921 illius
424 854 671 942 dispensatione,
694 853 841 941 primum
866 852 1116 919 matrimonium
1141 849 1261 938 nequit
1284 847 1424 937 amplius

165 958 358 1025 «instituere
375 958 545 1026 vinculum
565 957 743 1024 sectandum
763 956 965 1023 connubium
988 955 1122 1021 irritans
1132 980 1143 1038 ;
1164 964 1332 1042 qnatenus
1350 973 1424 1018 vero

166 1083 270 1149 nequo
290 1062 505 1150 interpellatio
526 1084 631 1149 nequo
650 1062 795 1128 eiusdem
815 1060 1015 1148 dispensatio
1039 1058 1260 1147 praeemit,
1281 1056 1424 1144 primum

168 1165 410 1232 matrimonium
438 1166 580 1233 obstabit
607 1164 739 1253 quidem
768 1164 921 1248 secundo,
950 1163 1009 1230 sed
1038 1161 1240 1229 Ordinarius
1268 1158 1424 1227 indicium

167 1269 359 1355 suspendere
379 1269 519 1354 debebit,
542 1279 576 1337 et
599 1292 708 1335 ωειιιιι
734 1292 810 1336 cum
834 1269 989 1336 omnibus
1012 1269 1082 1334 suis
1105 1265 1364 1333 circumstantiis
1385 1262 1424 1329 ad

169 1372 202 1439 S.
225 1372 338 1439 Saulem
362 1374 532 1457 rcndttem,
554 1396 637 1461 qnuc
658 1372 723 1461 ipsi
745 1372 925 1439 Ordinurio
946 1373 1029 1460 quid
1052 1369 1241 1438 faciendum
1263 1370 1320 1453 sit,
1343 1368 1424 1435 indi·

169 1475 263 1543 cabit.
308 1477 364 1543 Ad
383 1478 587 1565 probandum
601 1501 690 1561 vero,
704 1488 817 1544 utrum
837 1476 1058 1564 interpellatio
1071 1474 1127 1543 vel
1143 1473 1216 1542 eius
1230 1471 1426 1561 dispensatio

171 1581 389 1665 intercesserit,
402 1580 589 1647 consulendi
603 1591 699 1647 crunt
716 1579 794 1646 libri
808 1580 1103 1664 matrimoniorum,
1118 1578 1174 1647 vel
1188 1578 1291 1645 etiam
1304 1586 1426 1665 regesta

170 1685 285 1768 curiue,
300 1685 335 1751 in
356 1686 475 1773 quibus
496 1686 575 1752 haec
593 1695 740 1751 accurate
759 1693 857 1751 emnt
876 1707 1006 1771 semper
1023 1681 1229 1750 recensenda.
1275 1679 1379 1763 Quod
1397 1679 1423 1745 si

172 1787 346 1855 secumdum
360 1790 603 1855 matrimonium
616 1800 816 1856 contractum
829 1788 931 1855 inerit
950 1790 1049 1855 etiam
1062 1788 1099 1854 in
1114 1786 1321 1871 infidelitate,
1336 1806 1424 1873 prae·

172 1892 362 1959 suunicndnm
383 1892 515 1981 quidem
536 1895 599 1960 erit
618 1891 718 1980 quod,
738 1902 915 1982 antequam
936 1915 1084 1980 persona,
1097 1891 1140 1957 dc
1161 1914 1230 1979 qua
1249 1891 1372 1979 agitem,
1384 1887 1424 1955 ad

173 1997 368 2083 inuptisnnnn
388 1998 620 2081 admitteretur,
634 2008 762 2063 sertata
783 1995 906 2063 fuerint
926 1996 1038 2062 omnia
1049 2018 1135 2084 quae
1155 2018 1198 2062 ss.
1213 2017 1356 2061 meones
1368 2015 1425 2080 pro

174 2100 225 2165 luis
245 2100 370 2165 <usibus
392 2110 561 2183 stutuunt;
589 2100 645 2166 scd
668 2099 696 2167 si
720 2100 879 2166 institutis
902 2100 1096 2187 opportunis
1118 2097 1425 2187 investigationibus

174 2204 281 2271 adhuc
300 2202 438 2270 dubium
460 2204 573 2289 surlsit,
594 2204 636 2269 ad
658 2204 692 2270 S.
714 2202 830 2269 Saulem
852 2204 916 2269 erit
937 2202 1181 2269 recurrendum.

462 2380 534 2445 Are.
558 2378 689 2444 li—De
702 2378 915 2465 impalintento
930 2378 1135 2465 impotentiae.

220 2533 237 2611 ἕ
266 2537 320 2601 46.
356 2531 413 2599 Ad
441 2531 700 2621 impugnandum
731 2555 774 2598 ex
807 2532 913 2619 eapite
941 2530 1151 2619 impotentiae
1180 2530 1426 2599 matrimonium

175 2635 378 2703 solummodo
394 2636 545 2723 coniuges
561 2636 791 2720 admittuntur,
804 2635 884 2722 quia
901 2634 982 2722 ipsis
1000 2633 1209 2701 solummodo
1225 2634 1291 2701 hoe
1306 2634 1426 2701 facum

176 2741 339 2827 cognitum
350 2764 417 2807 esse
432 2750 544 2827 unstrut,
555 2750 588 2805 et
598 2738 659 2826 ipsi
670 2739 897 2805 tantummodo
907 2738 949 2804 de
958 2738 1021 2804 hac
1031 2761 1067 2803 re
1076 2737 1210 2803 solliciti
1220 2738 1425 2804 essedebent

179 2842 228 2909 Ut
247 2860 353 2909 nutem
377 2844 564 2932 innuitentiu
579 2843 823 2909 matrimonium
836 2853 1039 2907 contractum
1055 2841 1172 2924 irritet,
1187 2865 1317 2908 neeesse
1329 2850 1378 2907 est
1390 2850 1427 2906 ut

178 2946 220 3010 sit
239 2948 424 3013 uuduulens
444 2958 542 3035 utque
562 2956 725 3034 perpetua,
739 2968 823 3034 quac
843 2945 966 3011 seilicet
987 2945 1085 3010 licitis
1106 2944 1259 3011 remediis
1273 2945 1349 3011 tolli
1363 2967 1426 3011 non

179 3052 286 3135 pasin
345 3052 414 3117 Istu
444 3051 632 3137 inqmtentia
658 3051 687 3115 si
717 3051 818 3115 fuerit
844 3048 1003 3133 absoluta,
1033 3072 1090 3114 seu
1119 3049 1196 3115 talis
1225 3058 1264 3114 ut
1294 3049 1426 3115 omnino

180 3154 407 3239 irupuuesibilenr
442 3155 556 3221 mddut
589 3154 790 3242 coniugalem
827 3152 988 3241 copulam,
1018 3153 1265 3219 matrimonium
1302 3152 1428 3218 dirimit

180 3280 312 3343 seruntur,
324 3270 356 3325 et
369 3283 443 3325 cnm
457 3258 601 3347 qnulilet
613 3281 750 3345 persona
762 3267 984 3340 contractum3
998 3257 1027 3321 si
1042 3279 1121 3323 vem
1135 3257 1276 3323 relativa
1288 3266 1425 3338 tuntum,

181 3362 419 3429 matrimonium
441 3363 567 3429 dirimit
587 3362 791 3428 solummodo
811 3385 885 3427 cum
900 3360 958 3427 illa
971 3361 1015 3427 ud
1028 3383 1129 3449 quam
1149 3359 1345 3448 impotentia
1359 3361 1427 3448 ipsa

181 3464 324 3534 runnu.
369 3467 424 3533 Itu
449 3467 549 3554 igitur
574 3467 608 3531 in
633 3467 738 3532 crusis
761 3466 859 3531 huius
883 3466 1011 3552 generis
1039 3465 1310 3552 investigationes
1333 3474 1427 3531 crunt

182 3569 375 3657 dirigendae,
391 3581 429 3638 nt
448 3570 578 3638 tandem
599 3570 790 3636 deveniutur
810 3568 852 3635 ud
873 3568 1104 3635 adstruendum
1118 3567 1174 3634 vel
1191 3569 1426 3634 excludendam

183 3686 331 3741 uenenum
361 3676 582 3763 impotentium
610 3675 846 3741 antecedentem
869 3682 903 3738 et
923 3681 1122 3759 perpetuam,
1145 3673 1217 3738 sive
1245 3673 1426 3739 absolutam

182 3779 252 3845 sive
274 3781 385 3847 sultem
409 3780 586 3846 relativum.

227 3882 328 3950 Hunc
357 3886 391 3950 in
421 3886 516 3948 tiinuu
546 3907 623 3972 pme
650 3882 752 3949 oeulis
788 3882 935 3948 habende
965 3882 1027 3945 erit
1058 3881 1229 3947 instructio
1261 3901 1425 3969 supremae

186 3990 448 4077 Congrugationis
471 3988 505 4054 S.
527 3987 646 4054 Officii.

229 4092 245 4170 ξ
268 4097 321 4161 li.
351 4092 451 4174 Quod
472 4093 500 4157 si
522 4115 612 4157 mstis
632 4101 787 4175 occurrat,
803 4092 855 4156 cui
878 4091 912 4155 in
936 4088 1145 4154 instructione
1171 4088 1233 4153 huc
1259 4089 1423 4176 provisum

187 4222 251 4265 non
284 4199 338 4282 sit,
367 4197 409 4264 ud
440 4197 520 4262 iuris
547 4196 726 4260 eommunis
760 4217 906 4260 normani
938 4202 1159 4280 pertrectetur,
1189 4215 1228 4257 ac
1262 4192 1425 4258 decidatur

189 4316 322 4389 eportet.
