3142 5242
350 470 404 515 ox
433 470 620 516 necarere
649 470 727 515 sisu
756 471 953 518 vreaans
983 473 1215 520 roaxxers.
1359 457 1398 518 19

616 852 833 928 CAPUT
870 854 951 928 IV.

363 1040 427 1114 Dr:
455 1039 637 1114 onanrs
663 1061 738 1114 ssu
763 1039 956 1116 Vrcarurs
982 1042 1203 1118 Fonaums.

216 1208 277 1284 27.
319 1207 381 1282 Ex
410 1204 574 1280 historia
603 1204 798 1280 Ecclesiae
831 1213 1072 1305 compertum
1107 1214 1167 1283 est
1196 1208 1401 1309 Episcopis

165 1322 207 1399 in
236 1322 503 1398 conservanda
530 1320 785 1396 ecclesiastica
815 1322 1033 1421 disciplina,
1058 1322 1213 1422 egregie
1241 1350 1400 1424 operam

167 1464 330 1514 navasse
346 1462 418 1537 per
429 1437 546 1537 plura
561 1438 716 1513 saecula
728 1437 905 1513 Decanos
921 1463 991 1515 seu
1003 1439 1180 1515 Vicarios
1194 1440 1400 1517 Foraneos.

167 1554 322 1631 Nostris
339 1579 492 1654 quoque
513 1553 755 1652 temporibus
771 1579 861 1629 cum
878 1580 1022 1654 magno
1038 1554 1239 1655 religionis
1255 1557 1400 1633 emolu·

166 1678 297 1747 mento
315 1672 367 1746 ad
383 1670 667 1769 Episcoporum
684 1670 954 1768 adjumentum
978 1671 1213 1747 adhibentur
1228 1673 1400 1748 ubicum-

166 1813 240 1888 que
252 1788 295 1863 in
309 1786 404 1862 satis
418 1785 587 1862 extensis
601 1785 839 1862 dioecesibus
855 1788 1037 1887 frequens
1052 1786 1254 1864 invenitur
1265 1788 1400 1867 clerus.

167 1903 272 1979 Hinc
284 1903 404 1979 etiam
417 1903 630 1977 secundum
644 1902 932 2001 suggestionem
946 1902 1109 1978 Concilii
1123 1902 1297 1980 Pleuarii
1310 1905 1400 1980 Bal·

166 2019 388 2096 timorensis
418 2019 488 2110 II.,
507 2017 562 2115 (N
564 2044 597 2095 0.
626 2017 690 2110 74)
723 2019 765 2094 in
796 2018 997 2095 nonnullis
1025 2019 1202 2119 partibus
1231 2019 1401 2096 instituti

166 2138 344 2230 fuerunt3
369 2142 486 2234 atque
507 2134 550 2209 in
574 2133 663 2209 aliis
686 2136 857 2234 profecto
880 2134 1032 2211 utiliter
1054 2135 1209 2211 institui
1231 2145 1400 2236 possent.

214 2255 276 2330 28.
312 2253 461 2328 Eorum
486 2252 594 2348 apud
620 2276 690 2326 nos
717 2277 873 2346 munus,
897 2258 1054 2351 praeter
1078 2251 1158 2327 alia
1181 2279 1206 2327 a
1231 2252 1401 2328 Concilio

167 2368 445 2445 Baltimoreusi
487 2367 670 2462 indicata,
703 2368 952 2466 potissimum
990 2375 1092 2444 esset
1132 2368 1402 2444 collationibus

166 2486 249 2562 sive
273 2484 542 2584 congressibus
567 2485 812 2558 sacerdotum
836 2508 910 2582 pro
933 2485 1050 2559 rebus
1075 2483 1302 2582 theologicis
1325 2485 1400 2559 dis-

166 2601 357 2678 cutiendis
385 2598 619 2701 praesidere,
647 2598 857 2697 invigilare
886 2600 1124 2700 presbyteris
1153 2598 1259 2675 intra
1287 2625 1401 2676 suum

166 2719 396 2794 decanatum
430 2715 672 2814 degentibus
706 2714 878 2815 itemque
911 2715 1117 2815 aliquoties
1151 2740 1222 2814 per
1255 2742 1400 2793 annum

167 2833 360 2933 Episcopo
392 2833 538 2908 referre
572 2857 671 2931 quae
712 2830 754 2905 iu
789 2830 965 2930 ipsorum
1000 2831 1180 2907 districtu
1215 2832 1403 2907 notabilia

166 2951 410 3048 contingunt.

216 3067 277 3140 29.
305 3065 390 3155 Quo
408 3065 596 3155 efficacius
613 3067 778 3165 implere
795 3066 954 3141 valeant
979 3067 1073 3141 haec
1098 3065 1231 3159 officia,
1250 3074 1402 3164 oportet

166 3187 211 3257 ut
244 3180 443 3257 Ordinarii
476 3181 538 3255 his
572 3181 653 3256 suis
678 3180 835 3256 vicariis
864 3181 1066 3257 facultates
1092 3183 1281 3280 quasdam
1311 3183 1400 3281 plus

165 3298 346 3372 minusve
370 3303 548 3372 extensas
572 3297 792 3389 concedant,
811 3303 928 3395 atque
952 3296 1124 3396 aliquam
1148 3297 1266 3371 etiam
1289 3322 1398 3395 prae·

165 3412 418 3488 eminentiam
435 3412 539 3487 inter
553 3419 721 3488 rectores
738 3413 949 3487 conferant.

215 3529 276 3605 30.
303 3528 371 3604 Ad
386 3553 528 3604 munus
546 3528 653 3604 istud
670 3528 840 3626 eligendi
867 3536 1019 3604 tantum
1046 3538 1162 3606 erunt
1185 3530 1214 3604 ii
1240 3531 1398 3631 presby·

164 3645 250 3739 teri,
276 3644 345 3745 qui
369 3644 648 3745 experientiam
674 3643 773 3719 sacri
799 3644 1008 3720 ministerii
1029 3646 1115 3744 jam
1141 3646 1285 3744 adepti,
1311 3647 1397 3722 doc·

165 3761 279 3853 trina,
297 3760 442 3861 pietate
459 3787 503 3838 ae
518 3761 728 3863 prudentia
744 3760 825 3837 sint
839 3760 1020 3859 praediti,
1034 3761 1177 3861 quique
1194 3762 1265 3837 tali
1282 3764 1398 3839 modo

165 3877 433 3954 auctoritatem
459 3904 570 3954 suam
597 3902 771 3954 exercere
796 3876 930 3970 sciant,
949 3884 994 3953 ut
1009 3902 1101 3954 vere
1118 3877 1198 3954 sint
1214 3877 1399 3978 Episcopi

166 3993 225 4069 sui
251 3993 353 4069 oculi
378 4001 418 4070 et
442 4020 566 4088 auree,
584 3993 750 4070 discrete
765 3992 987 4091 vigilantes,
1004 4000 1168 4093 paterne
1184 4003 1397 4088 monentes,

164 4108 406 4210 fideliterque
429 4112 639 4187 referentes
656 4115 785 4184 “num
811 4109 937 4184 clerus
963 4116 1003 4185 et
1027 4110 1197 4209 populus
1221 4117 1267 4186 ut
1290 4112 1399 4187 decet

164 4227 311 4322 vivant,
329 4253 424 4303 num
441 4227 623 4327 proprius
639 4225 681 4300 in
699 4224 867 4300 ecclesiis
893 4226 1019 4300 cultus
1043 4227 1284 4319 adhibeatur,
1302 4253 1398 4302 num

165 4345 351 4446 supellex,
378 4369 488 4420 sacra
517 4345 734 4443 praecipue,
762 4341 892 4417 debito
924 4341 1050 4418 nitore
1074 4352 1333 4437 conservetur,
1359 4350 1399 4419 et

163 4461 432 4538 visitationum
470 4462 623 4536 decreta
664 4484 757 4533 suae
795 4453 875 4532 sint
918 4457 1133 4533 executioni
1177 4459 1397 4534 mandata.'’

168 4577 399 4675 (Concilium
423 4577 657 4668 Romanum,
677 4600 700 4649 a
719 4575 844 4672 1725.)

295 4697 315 4760 9
