3142 5242
164 482 227 544 258
371 456 373 461 ⁵
658 493 903 540 areaunrx.

97 719 99 723 ’
209 740 451 815 Iusrancrro
477 738 704 814 Serennia
730 736 891 812 Sicana
918 734 1279 810 Coaennanmoms
1305 757 1357 808 un

431 853 694 930 Paonaunnu
721 853 884 928 Omana
911 851 1119 926 Comanis.

626 1019 699 1107 [Ad
715 1044 751 1107 p.
770 1024 822 1103 63,
837 1043 863 1087 e.
879 1017 938 1105 η]

107 1176 110 1183 '
207 1178 412 1244 Matrimonii
425 1176 558 1244 vinculo
572 1176 654 1241 duos
667 1174 890 1241 tantummodo
912 1180 933 1212 “
943 1175 1074 1242 Christo
1089 1175 1135 1239 ita
1148 1172 1292 1257 docente,
1306 1196 1397 1261 copu-

162 1281 224 1347 lari
245 1290 278 1347 et
297 1281 451 1369 coniungi
472 1303 573 1368 posse,
588 1279 743 1345 alterutro
764 1301 843 1345 vero
864 1280 999 1367 coniuge
1014 1280 1085 1346 vita
1101 1278 1224 1362 functo,
1238 1277 1396 1357 secundas,

162 1385 229 1451 imo
243 1393 274 1451 et
287 1385 455 1451 ulteriores
476 1383 607 1470 nuptias
629 1381 733 1448 licitas
754 1405 830 1467 esse,
846 1381 1026 1471 dogmatica
1040 1381 1202 1448 Ecclesiae
1217 1379 1397 1447 Catholicae

162 1489 309 1556 doctrina
321 1486 404 1554 est.''

206 1592 334 1662 Verum
356 1592 398 1658 ad
419 1591 582 1676 secundas,
596 1601 629 1657 et
649 1591 814 1658 ulteriores
834 1593 964 1679 nuptias
984 1591 1072 1680 quod
1086 1591 1212 1674 attinet,
1227 1612 1302 1655 cum
1314 1588 1356 1654 de
1368 1609 1397 1653 rc

161 1706 285 1783 agatur,
300 1718 382 1784 quae
403 1694 646 1761 difficultatibus
667 1718 705 1760 ac
723 1694 891 1761 fraudibus
909 1695 997 1762 haud
1011 1718 1083 1761 raro
1098 1704 1146 1760 est
1159 1693 1314 1776 obnoxia,
1328 1692 1396 1757 hinc

162 1799 278 1866 Sancta
288 1788 385 1865 seda
394 1799 506 1865 sedulo
516 1800 644 1865 curauit
657 1800 753 1865 modo
763 1800 1043 1866 constitutionibus
1051 1797 1268 1887 generalibus,
1279 1795 1396 1883 saepius

161 1914 270 1969 autem
295 1903 455 1990 responsis
480 1904 515 1968 in
540 1904 666 1970 casibus
691 1903 936 1990 particularibus
960 1903 1054 1987 datis,
1080 1912 1119 1968 ut
1144 1901 1276 1967 libertas
1304 1920 1395 1965 novas

162 2008 292 2095 nuptias
305 2008 437 2073 ineundi
453 2007 498 2074 ita
512 2008 627 2095 cuique
639 2008 732 2074 salva
745 2017 834 2091 esset,
851 2016 888 2073 ut
901 2008 1062 2095 praedicta
1085 2005 1284 2071 matrimonii
1299 2003 1395 2070 unitas

162 2112 198 2177 in
212 2111 383 2176 discrimen
397 2134 463 2176 non
480 2111 700 2178 adduceretur.

208 2214 291 2281 Inde
311 2217 484 2281 constituta
504 2215 674 2281 Sacrorum
696 2216 876 2300 Canonum,
899 2218 1026 2305 quibus,
1042 2225 1079 2281 ut
1100 2216 1175 2303 quis
1196 2214 1299 2302 possit
1319 2212 1394 2277 licite

162 2320 205 2386 ad
225 2319 291 2385 alia
311 2330 388 2385 vota
407 2321 553 2404 transire,
568 2320 711 2408 exigitur
724 2319 812 2409 quod
833 2321 875 2387 dc
898 2331 999 2386 morte
1013 2319 1158 2406 coniugis
1172 2327 1260 2384 certo
1274 2323 1392 2397 constet,

162 2425 211 2489 uti
233 2424 271 2491 C.
293 2424 459 2506 Dominae,
477 2424 675 2489 desecanda
694 2425 892 2511 nuptiia,vel
913 2425 1002 2513 quod
1015 2425 1056 2490 de
1074 2424 1145 2510 ipsa
1167 2432 1272 2489 morte
1292 2418 1393 2507 recipi-

162 2538 236 2593 atur
256 2537 379 2593 certum
401 2528 565 2611 nuncium,
588 2528 636 2593 uti
659 2528 698 2595 C.
718 2529 763 2593 Ia
777 2530 967 2616 praesentia,
981 2530 1020 2593 de
1034 2527 1233 2615 sponsalibus
1252 2534 1280 2591 at
1297 2523 1392 2591 matri·

162 2632 282 2698 moniis.
328 2631 411 2696 Inde
432 2633 528 2697 etiam
549 2656 587 2697 ea
607 2654 690 2719 quae
711 2633 913 2718 explanatius
934 2631 1107 2698 traduntur
1128 2631 1163 2695 in
1187 2630 1392 2696 Instructionc

167 2736 245 2802 uam
265 2737 357 2818 alias,
382 2739 421 2801 21
446 2737 589 2823 Augusti
613 2740 700 2802 1670
721 2761 741 2802 a
763 2737 927 2802 Clemente
949 2737 996 2802 X.
1012 2737 1141 2819 sancita,
1157 2736 1241 2800 etin
1257 2732 1392 2799 Bullario

163 2863 295 2906 romano
314 2841 443 2923 inserta,
457 2863 553 2926 super
566 2841 712 2906 examine
734 2842 863 2906 testium
879 2865 938 2928 pro
954 2841 1167 2905 matrimoniis
1180 2835 1392 2904 contrahendis

164 2943 199 3007 in
222 2946 311 3008 curia
333 2944 420 3010 Emi.
435 2944 563 3011 viarii
586 2944 699 3028 Urbis,
721 2955 755 3010 et
778 2960 954 3010 ceterorum
981 2944 1241 3026 Ordinariorum,
1266 2940 1392 3007 maxime

46 3094 52 3104 ·
162 3071 239 3113 vero
254 3071 334 3134 quae
348 3049 481 3134 propius
495 3047 536 3112 ad
551 3073 619 3113 rem
634 3048 782 3114 facientia
796 3050 841 3114 ibi
857 3049 1015 3113 habentur
1029 3072 1084 3114 un.
1102 3050 1143 3112 12
1159 3057 1191 3111 et
1208 3050 1261 3112 13.

208 3151 253 3215 Et
267 3152 344 3216 haec
354 3152 484 3238 quidem
495 3153 623 3218 abunde
636 3153 818 3218 sufficerent
832 3154 859 3217 si
875 3154 910 3217 in
924 3153 1080 3218 eiusmodi
1091 3152 1194 3217 causis
1205 3148 1392 3237 peragendis,

163 3254 348 3319 omnimoda
373 3264 405 3320 et
429 3241 575 3321 absoluta
595 3257 753 3322 certitudo
775 3257 816 3322 de
837 3256 969 3322 alterius
997 3256 1143 3343 calingis
1172 3256 1264 3321 obitu
1295 3248 1393 3320 haberi

163 3381 286 3444 seraper
300 3371 414 3444 posset.
446 3359 508 3423 Sal
524 3383 598 3424 eum
614 3360 648 3425 id
666 3384 730 3427 non
745 3362 852 3426 sinant
866 3385 996 3426 casuum
1011 3360 1247 3448 propemodum
1262 3358 1394 3424 infinitae

164 3463 248 3527 vites
270 3461 370 3550 (quod
393 3463 550 3549 sapienter
571 3465 830 3531 animadversum
852 3475 900 3530 est
919 3466 954 3530 in
973 3464 1102 3530 laudata
1120 3463 1338 3528 Instructione
1351 3461 1394 3525 his

163 3566 288 3632 verbis:
318 3567 385 3631 “Si
405 3573 506 3631 araca
534 3568 711 3632 hetiaaaodi
731 3571 901 3634 testimonia
921 3570 1030 3633 lutheri
1050 3592 1114 3633 aaa
1137 3575 1281 3655 paterna,
1303 3567 1394 3632 Sacra

168 3670 368 3754 Conprepatio
382 3694 446 3734 aon
459 3673 589 3736 litterata
602 3674 758 3737 conludere
774 3675 857 3738 alitia
872 3674 1080 3760 probationes,
1095 3696 1176 3758 qaae.
1190 3673 1229 3735 de
1242 3673 1311 3735 ima
1324 3692 1394 3734 conr·

162 3775 249 3838 mitrii
258 3781 389 3861 praeeant
405 3776 535 3859 atlrru'ttt',
550 3777 713 3840 dummodo
727 3778 877 3861 lepitiuaac
890 3780 952 3841 aiat
968 3784 995 3842 et
1007 3778 1183 3862 afficiendae
1193 3774 1227 3862 ³⁹)
1250 3776 1393 3863 sequitur,

163 3878 250 3965 quod
260 3879 419 3944 stantibus
430 3880 501 3944 lieet
517 3881 685 3967 principiis
698 3882 900 3969 generalibus
911 3881 1118 3970 praestitutis,
1130 3880 1219 3945 haud
1230 3904 1305 3945 raro
1314 3897 1393 3943 castis

163 3984 324 4065 eveniunt,
340 3983 507 4070 inquibus
528 3985 808 4051 ecclesiastieorum
824 3987 1007 4074 praesidum
1022 3986 1141 4050 iudicia
1158 3984 1288 4049 haerere
1302 3983 1394 4049 solent

162 4087 196 4150 in
213 4110 288 4152 vera
303 4088 447 4174 iustaque
460 4090 647 4174 probatione
660 4089 876 4177 dignoscenda
889 4114 926 4156 ac
939 4089 1115 4155 statuenda.
1162 4088 1238 4154 Imo
1256 4112 1328 4153 eum
1343 4107 1393 4173 pro

162 4213 289 4257 summa
309 4191 369 4256 illa
389 4191 542 4257 facilitate
555 4217 637 4279 quae
657 4204 759 4259 aetate
781 4206 890 4260 nostra
906 4195 989 4259 faeta
1002 4202 1050 4259 est
1064 4193 1295 4299 remotissimas
1309 4211 1394 4278 quas·

162 4317 225 4380 que
239 4296 384 4382 regiones
398 4295 547 4380 adeundi,
563 4297 598 4361 in
613 4320 722 4363 omnes
737 4297 803 4363 fere
816 4299 903 4364 orbis
916 4309 1023 4386 partes
1036 4297 1183 4363 homines
1197 4296 1393 4383 divagemur,

162 4399 319 4464 eiusmodi
339 4423 471 4465 casuum
492 4389 668 4466 multitudo
688 4403 767 4468 adeo
787 4404 955 4487 succrevit,
970 4412 1008 4468 ut
1022 4401 1275 4489 frequentissimi
1290 4402 1349 4466 hac
1360 4397 1395 4461 de

163 4524 196 4567 re
216 4502 258 4567 ad
280 4504 469 4589 Supremam
491 4505 575 4569 hane
589 4505 877 4593 Congregationem
891 4507 1069 4572 habeantur
1082 4529 1238 4589 recursus,
1254 4528 1320 4571 non
1335 4503 1395 4568 sine

161 4629 257 4693 porro
273 4608 414 4695 partium
435 4608 649 4692 incommodo,
664 4611 782 4696 quibus
794 4610 879 4676 inter
897 4611 1139 4676 informationes
1153 4620 1250 4697 atque
1265 4610 1396 4674 instruc·
