3142 5242
163 467 205 530 82
292 483 477 531 rrruuus
500 483 653 532 v.-na
682 483 961 531 cnsnrconunr
990 480 1289 561 accensiores.

162 638 474 716 inflammandos.
523 639 564 715 Si
582 665 680 738 opus
698 639 759 732 sit,
778 638 969 736 ejusmodi
986 638 1223 737 professores
1239 637 1397 712 aliunde

162 756 281 832 etiam
299 764 552 832 arcessantur.

214 874 298 949 160.
326 874 649 972 Quandoquidem
663 873 870 972 magistros
881 899 926 948 eo
938 872 1063 972 magis
1074 871 1234 947 idoneos
1247 872 1398 946 futuros

162 1015 246 1065 esse
267 1016 343 1089 quo
370 991 588 1065 stabiliores
613 1016 675 1065 res
700 997 759 1065 est
781 990 982 1088 explorata
1005 990 1224 1064 cavendum
1249 987 1399 1064 eritne

162 1106 384 1205 frequenter
397 1114 618 1198 mutentur;
646 1132 715 1182 nec
732 1106 780 1181 iis
798 1106 960 1181 docendi
978 1130 1120 1180 munus
1133 1104 1397 1193 concredatur,

163 1222 229 1321 qui
249 1223 517 1322 magisterium
535 1223 645 1322 quasi
670 1223 711 1297 in
729 1222 898 1298 transitu
915 1223 1065 1313 obeant,
1084 1222 1153 1296 sed
1176 1219 1227 1295 iis
1243 1225 1397 1294 tantum
1429 1218 1437 1241 ¹

163 1340 230 1438 qui
248 1341 330 1415 zelo
349 1340 520 1415 discendi
539 1346 579 1415 et
595 1339 757 1415 docendi
774 1339 995 1438 flagrantes,
1009 1337 1150 1414 eximio
1167 1336 1259 1412 huic
1276 1334 1398 1411 officio

162 1463 318 1555 tempus
352 1464 392 1532 et
425 1457 527 1532 vires
561 1457 787 1555 impendere
820 1457 900 1532 sint
942 1454 1081 1556 parati.
1154 1453 1249 1553 (err.
1284 1452 1398 1529 Cone.

164 1572 279 1648 Pron
299 1574 482 1671 Aquense
500 1599 534 1648 a.
556 1574 681 1665 1850.)
737 1572 775 1648 N
777 1598 798 1648 e
823 1580 954 1649 autem
978 1571 1194 1671 praesentis
1210 1567 1397 1646 conditio·

163 1689 225 1763 nis
242 1690 415 1765 taedium
441 1715 506 1765 eos
530 1716 554 1765 a
576 1698 708 1765 sancto
734 1689 932 1789 proposito
959 1690 1162 1780 deterreat,
1181 1686 1399 1787 Episcopus

163 1830 234 1905 per
246 1805 433 1881 honorem
452 1806 507 1881 eis
521 1808 693 1882 delatum
713 1805 909 1905 sapienter
921 1803 1141 1904 prospiciet,
1156 1810 1201 1880 ut
1217 1802 1399 1879 omnibus

163 1920 380 1998 innotescat
409 1923 624 2021 magisterii
655 1922 835 2021 dignitas,
862 1947 1073 2021 eorumque
1102 1919 1160 1996 rei
1188 1916 1399 2019 temporali

163 2047 326 2137 paterno
353 2040 491 2113 affectu
518 2039 574 2114 ita
599 2038 829 2137 providebit,
857 2045 901 2114 ut
927 2037 1142 2114 coaetaneis
1168 2038 1276 2113 unde
1299 2033 1397 2110 inri-

164 2156 283 2230 deant
298 2155 528 2254 plerumque
545 2155 687 2230 habere
705 2180 782 2229 non
800 2154 964 2255 possint.
1021 2154 1152 2253 (Ibid.)
1204 2153 1398 2244 Ceterum,

127 2257 132 2269 ’
164 2272 215 2346 ad
239 2270 311 2346 Dei
338 2271 525 2347 honorem
552 2271 820 2371 Ecclesiaeque
844 2273 960 2347 decus
986 2270 1287 2346 seminariorum
1314 2293 1398 2345 nos·

163 2394 313 2462 trorum
328 2390 564 2486 professores
578 2388 832 2463 adhortamur
844 2396 883 2463 et
897 2389 1142 2464 obsecramus
1156 2394 1201 2463 ut
1211 2410 1399 2486 generose

164 2511 204 2579 et
228 2504 346 2578 alacri
373 2504 514 2596 animo,
542 2511 771 2603 maturaque
798 2504 1005 2603 prudentia
1032 2502 1185 2579 muneri
1215 2527 1288 2579 suo
1316 2510 1399 2579 tam

165 2620 253 2696 utili
280 2628 319 2695 et
344 2621 513 2719 pretioso
533 2620 634 2695 vires
658 2646 793 2695 omues
818 2620 1049 2719 impendant
1073 2626 1113 2695 et
1135 2622 1187 2695 ad
1203 2618 1400 2696 ecclesias·

164 2736 262 2812 ticao
293 2736 474 2811 scientiae
503 2737 668 2834 gloriam
696 2744 734 2812 et
762 2747 1014 2837 augmentum
1045 2743 1147 2813 totos
1172 2762 1259 2812 sese
1285 2738 1399 2812 devo·

164 2861 291 2928 veant.
332 2854 479 2928 Munus
497 2880 612 2928 suum
629 2854 686 2930 ita
702 2855 808 2930 cordi
826 2855 1004 2947 habeant,
1023 2861 1068 2929 ut
1084 2879 1134 2929 ne
1150 2853 1224 2928 zeli
1240 2853 1402 2952 quidem

165 2968 367 3067 apostolici
397 2996 525 3068 opera,
553 2972 693 3070 quibus
723 2972 773 3045 ab
803 2971 872 3045 illo
903 2970 1067 3046 distrahi
1099 2969 1263 3068 possint,
1292 2977 1404 3045 extra

164 3086 418 3161 seminarium
436 3087 722 3185 aggrediantur.

216 3204 298 3276 161.
327 3201 566 3278 Provideant
588 3204 705 3279 otiam
724 3205 909 3304 Episcopi
932 3204 1040 3279 omni
1063 3202 1341 3297 sollicitudine,
1359 3209 1406 3279 ut

164 3318 206 3393 in
231 3317 449 3393 seminariis
475 3318 555 3393 sint
580 3319 789 3395 directores
814 3321 1036 3418 spirituales
1059 3344 1178 3419 quam
1204 3319 1404 3418 aptissimi

165 3437 216 3511 ad
244 3434 496 3509 conscientias
530 3460 733 3535 moresque
767 3462 902 3511 eorum
931 3437 1132 3535 regendos,
1161 3435 1231 3535 qui
1265 3442 1406 3534 postea

164 3553 338 3626 fidelium
364 3576 491 3626 mores
516 3558 558 3626 et
581 3552 833 3626 conscientias
858 3577 992 3651 regere
1016 3559 1056 3627 et
1082 3550 1160 3650 ipsi
1189 3552 1402 3629 debebunt

165 3670 356 3743 Studeant
373 3668 581 3743 directores
607 3668 768 3766 spiritus
793 3668 835 3744 in
860 3669 1037 3744 omnium
1062 3667 1261 3743 mentibus
1278 3667 1403 3742 mari·

165 3810 274 3859 mum
317 3783 537 3857 animarum
580 3785 717 3877 zelum,
752 3785 934 3883 propriae
976 3784 1190 3859 voluntatis
1234 3786 1403 3884 abnega·

165 3900 461 3987 tionorn‚veram
473 3899 957 3999 obedientiarn,pulchram
969 3900 1200 3976 charitatem
1213 3900 1404 3993 inserere;

165 4014 465 4090 internascentia
498 4015 718 4113 opimarum
761 4017 1028 4115 paroeciarum
1062 4016 1126 4091 vel
1168 4016 1403 4092 divitiarum

166 4130 357 4206 desideria
395 4131 629 4206 salutaribus
672 4133 949 4207 monitionibus
983 4134 1245 4233 exstinguant,
1276 4134 1403 4208 solam

166 4249 330 4344 deniquo
350 4245 429 4319 illis
448 4246 521 4320 Dei
546 4247 713 4345 gloriam
731 4258 771 4323 et
786 4249 1007 4324 animarum
1025 4249 1192 4325 salutem
1210 4274 1296 4324 esse
1313 4275 1402 4350 pro·

165 4364 375 4437 curandam
403 4364 566 4437 doceant
590 4371 630 4438 et
654 4367 921 4462 expetendam.
978 4367 1031 4464 (S.
1054 4365 1180 4440 Carol.
1199 4365 1397 4463 Borrom.)

166 4481 263 4552 Suos
297 4477 441 4551 eisdem
478 4503 612 4553 sensus
652 4479 773 4555 libere
806 4489 1002 4579 exponant
1036 4482 1199 4575 alumni,
1235 4489 1280 4556 ut
1313 4481 1400 4573 sibi,

166 4593 294 4691 prouti
348 4619 444 4690 opus
495 4594 623 4685 fuerit,
667 4595 901 4690 consulatur,
949 4597 1112 4672 scientes
1165 4597 1266 4672 nihil
1317 4622 1402 4673 esse
