3142 5242
509 467 564 515 os
592 469 770 516 senonis
799 469 1075 519 carnonrcm.
1346 459 1411 522 105

215 775 234 869 ᾗ
252 775 288 848 2.
316 774 457 849 Deciis
473 799 517 849 oc
533 776 659 849 madiis
676 776 820 852 Scloloa
838 777 1071 853 Porocbiclcs
1088 804 1195 875 qaam
1211 782 1368 854 maimo
1469 828 1474 835 -

669 892 916 968 Promoocadi.

221 1089 307 1164 200.
334 1088 376 1164 si
393 1115 440 1165 ex
456 1115 537 1165 una
551 1095 663 1189 parte
683 1090 936 1167 conscientias
959 1093 1214 1186 sacerdotum,
1231 1093 1407 1170 fidelium

171 1211 287 1304 atque
313 1204 510 1304 imprimis
539 1213 748 1307 parentum
776 1207 1063 1283 Catholicorum
1093 1208 1336 1286 strictissime
1364 1208 1406 1284 in

171 1321 341 1398 Domino
367 1321 531 1398 decretis
556 1347 678 1422 supra
702 1322 806 1399 datis
830 1349 1049 1418 oneramus,
1075 1350 1123 1399 ex
1147 1325 1271 1401 altera
1294 1331 1408 1425 parte

170 1439 243 1514 hoc
259 1439 377 1514 etiam
397 1438 589 1515 Nostrum
612 1464 697 1515 esse
719 1446 760 1515 et
780 1438 932 1515 intimis
955 1440 1136 1515 cordibus
1158 1439 1348 1517 sentimus
1366 1447 1408 1518 et

100 1561 105 1569 '
169 1555 362 1654 expressis
386 1555 517 1631 verbis
544 1557 784 1656 profitemur,
810 1555 958 1632 scilicet
983 1581 1056 1656 pro
1082 1555 1232 1633 viribus
1262 1557 1407 1634 nostris

169 1671 376 1772 providere
400 1679 440 1748 et
464 1672 622 1766 efficere,
649 1678 694 1748 ut
722 1685 904 1773 parentes
929 1671 1119 1748 Catholici
1149 1698 1227 1749 non
1255 1674 1407 1751 scholas

168 1789 464 1890 qualescunque,
493 1792 563 1865 sed
589 1789 712 1865 bonas
738 1796 779 1865 et
804 1788 973 1865 efficaces
1001 1789 1200 1889 “publicis
1227 1789 1405 1885 scholis,”

168 1913 213 1982 ut
252 1905 455 1982 instructio
495 1907 533 1982 S.
565 1904 885 2006 Congregationis
918 1912 1063 2000 monet,
1097 1907 1238 1983 “haud
1273 1906 1405 1984 inferi·

167 2048 254 2098 ores
267 2023 287 2056 '³
322 2047 395 2123 pro
429 2023 540 2124 prole
570 2048 641 2098 sua
674 2021 852 2098 invenire
886 2021 1048 2122 possint.
1102 2022 1241 2124 Itaque
1274 2023 1406 2124 aliqua

168 2138 298 2215 media
332 2164 548 2239 proponere
578 2165 623 2215 ac
653 2140 841 2214 mandare
874 2139 1012 2237 placet,
1043 2137 1185 2238 quibus
1219 2140 1406 2216 adhibitis

167 2256 321 2332 scholae
363 2255 603 2355 parochiales
645 2257 696 2332 ad
729 2281 820 2331 eum
855 2254 1036 2331 utilitatis
1078 2260 1118 2331 et
1159 2256 1406 2355 perfectionis

165 2374 335 2472 gradum
352 2373 565 2466 eleventur,
584 2398 700 2472 quem
720 2379 806 2447 tum
829 2370 954 2447 honor
970 2371 1177 2466 Ecclesiae,
1195 2378 1282 2447 tum
1298 2372 1405 2449 salus

167 2514 246 2564 non
264 2489 393 2564 solum
411 2495 568 2564 aeterna
591 2489 662 2564 sed
683 2487 804 2564 etiam
827 2487 1055 2586 temporalis
1077 2512 1301 2588 puerorum,
1317 2494 1404 2566 tum

166 2606 336 2704 denique
358 2630 545 2705 generosa
562 2612 770 2704 parentum
788 2604 943 2680 devotio
960 2605 1078 2703 pleno
1096 2605 1187 2703 jure
1202 2605 1406 2706 postulant
1459 2682 1465 2696 ,

165 2747 212 2798 ac
245 2731 454 2797 merentur.
525 2721 635 2797 Haec
668 2728 798 2797 autem
838 2719 968 2796 media
1002 2746 1049 2797 ea
1081 2720 1288 2820 praecipue
1320 2746 1405 2799 esse

164 2838 362 2932 videntur,
384 2840 526 2938 quibus
551 2837 738 2914 efficiatur
763 2844 809 2913 ut
832 2843 917 2912 tum
943 2838 1171 2931 sacerdotes,
1191 2843 1276 2912 tum
1303 2837 1403 2933 laici,

163 2962 252 3032 tum
286 2955 453 3055 denique
486 2953 751 3054 ludimagistri
793 2953 917 3029 officia
950 2979 1021 3029 sua
1054 2978 1148 3054 erga
1180 2953 1331 3029 scholas
1364 2961 1404 3032 et

164 3071 315 3173 optime
340 3071 564 3171 intelligant
588 3077 628 3146 et
652 3070 878 3147 fidelissime
904 3069 1156 3168 adimpleant.

215 3190 301 3265 201.
331 3189 385 3265 Et
408 3189 537 3288 primo
563 3190 613 3264 ad
639 3190 856 3263 sacerdotes
881 3187 987 3286 quod
1011 3194 1170 3285 spectat,
1194 3187 1403 3264 statuimus

165 3312 211 3382 ut
238 3305 324 3405 jam
363 3305 405 3380 in
439 3303 659 3380 seminariis
692 3301 891 3380 candidati
927 3303 966 3378 S.
1001 3302 1234 3402 Theologiae
1266 3305 1402 3380 sedulo

164 3425 409 3516 edoceantur,
424 3447 547 3497 unum
565 3446 613 3496 ex
629 3418 848 3520 praecipuis
865 3419 1110 3494 sacerdotum
1126 3418 1272 3510 officiis,
1291 3444 1401 3519 prae·

164 3539 303 3615 sertim
319 3537 425 3613 hisce
446 3537 589 3613 nostris
610 3535 864 3636 temporibus,
880 3560 964 3611 esse
982 3533 1244 3611 Christianam
1260 3535 1400 3634 juven·

164 3655 261 3732 tutis
285 3654 583 3747 institutionem,
603 3677 766 3753 eamque
790 3651 875 3727 sine
897 3650 1040 3726 scholis
1063 3675 1146 3726 s1ve
1171 3651 1400 3749 parochiali·

163 3773 238 3849 bus
281 3771 364 3848 sive
405 3770 493 3847 aliis
536 3795 628 3846 vere
666 3767 874 3844 Catholicis
902 3792 995 3875 *non
1037 3792 1121 3842 esse
1162 3767 1399 3868 possibilem.

164 3890 304 3990 ltaque
327 3888 368 3963 in
392 3887 532 3963 studiis
555 3884 837 3986 psychologiae,
860 3883 1099 3983 pedagogiae
1121 3889 1162 3959 et
1183 3884 1401 3984 theologiae

164 4004 374 4106 pastoralis
390 4004 528 4080 relatio
546 4000 726 4101 specialis
742 4001 932 4075 habeatur
950 4000 1000 4074 ad
1017 4024 1228 4099 puerorum
1245 3999 1399 4077 institu-

164 4121 323 4198 tionem.
373 4119 539 4196 Alumni
557 4119 676 4194 etiam
694 4118 855 4191 modum
880 4122 919 4191 et
941 4117 1170 4192 methodum
1187 4117 1400 4211 addiscant,

164 4264 243 4338 qua
271 4237 549 4314 catechismum
578 4242 619 4311 et
644 4232 848 4309 historiam
876 4257 1026 4307 sacram
1052 4231 1184 4330 pueris
1209 4231 1336 4308 lucide
1361 4239 1401 4308 et

165 4355 289 4431 solide
305 4353 498 4453 explicare
515 4352 683 4427 valeant.

214 4470 439 4546 Sacerdotes
465 4494 558 4544 vero
585 4467 628 4543 in
654 4492 747 4542 cura
777 4465 998 4541 animarum
1028 4491 1142 4564 saepe
1170 4465 1323 4564 saepius
1352 4468 1401 4542 de

164 4586 396 4687 gravissimo
420 4611 490 4661 suo
508 4610 601 4683 erga
624 4583 774 4659 scholas
799 4582 921 4657 officio
944 4581 986 4656 in
1010 4581 1212 4681 colloquiis
1229 4589 1269 4656 et
1285 4581 1399 4657 colla·
