3142 5242
512 480 566 526 DE
595 481 745 527 canals
774 481 1068 527 CLERICORUM.
1339 462 1401 525 291

169 634 269 714 Quod
290 636 318 701 si
340 635 491 701 idoneum
513 660 579 702 non
600 637 745 724 reperiat,
768 636 886 702 laicum
906 636 1097 702 catholicum
1118 635 1269 700 adhibere
1290 644 1403 722 potest.

169 738 316 835 Quisque
330 749 436 805 autem
450 763 491 804 ex
505 741 546 806 iis
559 741 601 806 ab
615 740 789 806 Ordinatio
803 740 1028 827 approbandus
1041 751 1098 806 est.

212 860 321 908 xxxr.
350 842 387 908 Si
401 866 478 909 vero
492 867 564 908 reus
577 843 775 909 defensorem
788 843 941 930 deputare
954 853 1084 926 recuset,
1100 842 1295 908 Ordinarius
1309 843 1404 907 illum

167 966 210 1010 ex
225 943 328 1011 officio
342 946 532 1035 designabit.

210 1067 335 1116 xxxn.
364 1040 522 1117 Defensor
535 1052 651 1118 debitis
666 1053 727 1118 sub
740 1051 871 1118 cautelis
891 1053 926 1117 in
945 1052 1132 1118 cancellaria
1146 1051 1263 1118 Curiae
1279 1073 1404 1139 proees-

167 1174 240 1222 sum
254 1154 385 1241 eiusque
398 1157 609 1221 summarium
623 1157 780 1242 inspiciet,
796 1165 834 1222 ut
850 1178 941 1221 reum
955 1165 1104 1237 tueatur;
1133 1178 1170 1220 ac
1188 1154 1404 1220 defensionem

167 1266 242 1322 ante
259 1280 370 1324 causae
389 1258 491 1346 ipsius
510 1260 760 1346 propositionem
773 1261 893 1345 scripto
911 1259 1085 1326 exhibebit.
1131 1258 1207 1345 Ipse
1220 1281 1349 1346 quoque
1361 1257 1403 1323 ad

167 1359 383 1426 iuramentum
393 1362 433 1427 de
443 1373 560 1428 secreto
574 1362 731 1428 servando
744 1370 879 1445 tenetur,
890 1362 1019 1449 quando
1032 1361 1132 1427 iudex
1142 1361 1284 1426 indolem
1294 1383 1405 1426 carrsae

167 1462 202 1530 id
216 1465 378 1551 postulare
392 1468 559 1533 censuerit

210 1587 348 1636 xxm.
380 1569 549 1636 Processus
568 1572 699 1660 eiusque
717 1571 929 1637 summarium
949 1571 990 1637 ad
1011 1580 1246 1659 procuratorem
1266 1569 1404 1635 fiscalem

166 1671 317 1755 mittitur,
330 1684 367 1739 ut
381 1672 483 1740 officio
494 1697 553 1740 suo
565 1674 657 1761 fungi
672 1675 781 1762 possit.
819 1675 995 1762 Postquam
1006 1683 1192 1761 procurator
1203 1673 1317 1739 fiscalis
1330 1695 1405 1738 suas

166 1777 383 1843 conclusiones
396 1778 541 1862 ediderit,
556 1780 682 1844 eaedem
696 1778 856 1844 defensori
870 1778 917 1843 rei
932 1778 1211 1843 communicandae
1225 1787 1302 1842 sunt
1316 1776 1405 1843 utad

166 1880 291 1946 easdem
305 1882 334 1946 si
348 1882 504 1968 placuerit
518 1883 553 1946 in
567 1884 694 1970 seriptis
714 1882 903 1970 respondeat
915 1908 925 1964 3
939 1890 1009 1946 tum
1024 1880 1131 1947 omnia
1144 1881 1186 1946 ad
1205 1880 1404 1946 ordinarium

165 1985 375 2051 remittuntur
395 1986 462 2073 qui,
477 1987 533 2052 ubi
555 1986 591 2052 in
612 1988 742 2073 plenam
761 2009 873 2053 causae
893 1984 1106 2073 cognitionem
1127 1984 1301 2067 devenerit,
1317 1984 1404 2049 diem

165 2088 336 2154 constituet
349 2090 384 2154 in
400 2115 464 2177 qua
477 2091 634 2156 sententia
646 2090 781 2157 dicenda
793 2091 846 2158 sit.

210 2211 345 2259 xxxrv.
369 2194 564 2260 Praestituta
577 2195 640 2278 die,
651 2195 693 2260 ab
708 2194 870 2281 Episcopo
884 2194 938 2262 vel
953 2194 1073 2260 vimrio
1086 2193 1227 2282 generali
1241 2202 1404 2280 praesente

165 2307 369 2383 procuratore
391 2299 491 2363 fiscali
512 2309 545 2364 et
565 2298 731 2365 defensore
751 2298 909 2364 sententia
930 2299 1170 2384 pronunciatur,
1184 2298 1316 2384 eiusque
1329 2319 1403 2383 pars

164 2399 356 2486 dispositiva
371 2401 558 2467 cancellario
579 2401 728 2486 dictatur,
748 2424 898 2488 expressa
918 2402 1080 2466 mentione
1102 2401 1196 2483 faeta,
1219 2401 1248 2465 si
1270 2399 1403 2465 damna·

164 2501 247 2569 tioni
261 2503 304 2568 sit
319 2504 416 2588 locus,
427 2506 599 2572 sanctionis
610 2506 777 2571 canonicae
787 2527 870 2593 quae
883 2513 994 2569 contra
1004 2504 1198 2590 imputatum
1212 2503 1401 2589 applicatur.

209 2625 330 2674 xxxv.
360 2607 524 2674 Sententia
552 2631 606 2674 reo
634 2608 810 2692 intimetur,
832 2609 891 2695 qui
912 2615 1016 2695 potest
1036 2607 1078 2672 ad
1100 2606 1319 2673 auctoritatem
1348 2628 1403 2671 su·

165 2711 300 2797 perieris
314 2711 483 2778 instantiae
495 2712 745 2799 appellationem
760 2713 971 2798 interponere.

209 2832 346 2881 xxxva
377 2814 420 2880 In
441 2815 656 2902 appellatione
676 2816 887 2882 observentur
903 2837 1034 2881 normae
1047 2837 1212 2901 expressae
1227 2815 1261 2879 in
1276 2813 1401 2881 constit.

165 2939 191 2984 s.
207 2941 250 2985 m.
266 2917 433 2984 Benedicti
447 2919 554 2987 XIV.
570 2920 627 2984 Ad
639 2920 798 2984 militantia
811 2918 876 2983 diei
898 2922 942 2984 30
963 2917 1078 2984 Martii
1098 2920 1193 3000 1742,
1208 2942 1245 2982 ac
1265 2928 1404 2983 caeterae

165 3021 303 3087 indictae
316 3045 336 3087 a
350 3022 383 3088 S.
399 3022 437 3090 O.
454 3023 562 3109 Episc.
578 3034 611 3089 et
624 3023 741 3110 Regul.
756 3022 880 3088 decreto
894 3022 958 3087 diei
976 3025 1016 3087 18
1032 3020 1219 3086 Decembris
1235 3022 1347 3087 1835*
1371 3029 1404 3087 et

165 3125 300 3212 epistola
313 3126 460 3192 circulari
474 3126 538 3193 diei
554 3131 571 3194 1
589 3128 677 3213 Aug.
695 3130 792 3194 1851.

210 3249 359 3297 xxxvn.
390 3230 484 3298 Intra
503 3231 677 3298 terminum
699 3231 806 3296 decem
820 3229 947 3296 dierum
961 3254 981 3296 a
994 3231 1210 3296 notificatione
1231 3230 1404 3296 sententiae

166 3334 367 3421 interpositio
387 3335 611 3422 appellationis
632 3334 702 3399 fieri
722 3333 825 3417 debet,
848 3357 913 3421 quo
935 3334 1042 3420 ela'pso
1063 3341 1206 3421 tempore
1230 3333 1403 3400 sententiae

166 3438 310 3504 executio
323 3437 431 3504 locum
444 3438 549 3505 habet.

209 3560 375 3609 xxxvnn
397 3542 625 3629 Appellatione
639 3543 834 3630 interposita,
849 3542 1001 3608 continuo
1016 3541 1114 3608 Curia
1128 3541 1169 3606 ad
1183 3542 1402 3608 auctoritatem

165 3644 405 3712 ecclesiasticam
426 3647 597 3732 superioris
619 3646 787 3711 instantiae
811 3646 920 3711 omnia
944 3655 1015 3710 acta
1035 3667 1145 3710 <arisae
1167 3645 1202 3710 in
1224 3646 1291 3710 suis
1311 3655 1402 3711 auto-

165 3750 307 3837 graphis,
322 3748 404 3814 idest
417 3772 606 3836 processum,
618 3750 686 3814 eius
699 3749 921 3831 summarium,
935 3747 1150 3814 defensionem
1164 3772 1202 3814 ae
1215 3747 1402 3813 sententiam

166 3853 277 3920 mittit.

209 3977 346 4025 xxm.
383 3958 476 4024 Haec
499 3981 595 4046 porro
616 3958 788 4044 superioris
809 3956 978 4021 instantiae
998 3957 1169 4022 auctoritas
1190 3956 1403 4044 appellatione

166 4063 294 4149 cognita
306 4062 483 4150 appellanti
496 4062 648 4149 iniungit,
663 4070 701 4124 ut
720 4060 806 4125 intra
819 4059 954 4147 triginta
967 4060 1036 4124 dies
1049 4059 1247 4125 defensorem
1261 4059 1401 4145 deputet,

165 4167 222 4252 qui
237 4165 278 4231 ab
293 4166 363 4252 ipsa
375 4164 600 4252 approbandus
613 4173 670 4231 est.

211 4289 272 4336 xn.
299 4269 351 4335 Ec
364 4270 502 4334 temrino
515 4269 729 4356 peremptorio
744 4268 864 4333 frustra
877 4267 994 4354 elapso,
1009 4275 1152 4332 censetur
1165 4290 1238 4332 reus
1251 4268 1402 4333 beneficio

165 4373 389 4460 appellationis
417 4372 622 4454 renuntiasse,
648 4394 746 4457 quarn
776 4380 941 4458 propterea
966 4369 1063 4435 iudex
1087 4371 1206 4456 gradus
1230 4370 1402 4457 superioris

166 4487 362 4564 peremptam
378 4476 526 4542 declarat.

198 4613 216 4646 ⁴*
224 4612 294 4666 Vide
305 4613 375 4680 apud
387 4613 486 4679 Lucidi,
501 4613 518 4665 l.
530 4630 559 4676 c.,
571 4613 624 4664 vol.
636 4626 655 4664 1.
668 4630 693 4678 p.
704 4613 769 4678 534,
788 4619 814 4663 et
826 4611 855 4663 in
867 4611 939 4667 soliis
949 4610 1016 4662 Acta
1026 4611 1053 4662 S.
1063 4610 1090 4662 S.
1102 4611 1156 4662 vol.
1166 4625 1231 4662 1111.
1242 4628 1269 4678 p.
1282 4612 1341 4665 333.

299 4700 341 4762 26

1292 4896 1437 4920 A.
