3142 5242
474 478 528 522 nn
558 478 797 525 russonum
822 478 1097 526 summanus.
1362 464 1404 529 73

218 634 302 707 141.
340 632 469 720 Quum
503 633 714 708 seminaria
748 633 911 727 minora,
946 634 1135 709 fovendae
1169 634 1326 734 pietatis
1360 662 1404 711 ac

165 748 361 824 formandi
386 749 617 824 characteris
643 750 892 824 sacerdotalis
909 750 1032 825 veluti
1057 750 1246 844 tirocinia,
1265 777 1309 826 eo
1327 754 1404 827 fine

166 865 347 939 instituta
364 865 443 939 sint
461 873 505 940 ut
521 872 542 908 “
555 891 686 941 sacrae
712 866 877 941 militiae
902 873 1060 966 tyrones
1078 893 1102 941 a
1118 867 1261 942 teneris
1278 868 1402 961 annis,

166 982 294 1080 quoad
320 982 403 1079 ejus
428 981 512 1057 fieri
541 982 687 1081 poterit
720 984 741 1028 ’³‘
774 984 795 1028 l‘
828 985 849 1029 '¹‘
881 981 979 1057 inibi
1008 990 1195 1081 tanquam
1227 985 1403 1060 novellae

167 1097 429 1195 plantationes
446 1107 725 1174 succrescentes
743 1099 785 1173 in
802 1099 966 1174 circuitu
987 1099 1224 1174 tabernaculi
1244 1099 1403 1175 Domini

166 1214 217 1289 ad
234 1213 339 1288 vitae
356 1214 629 1308 innocentiam,
643 1215 884 1313 religionem,
902 1216 1134 1290 modestiam
1152 1223 1192 1290 et
1209 1216 1401 1292 ccclesias·

165 1330 287 1406 ticum
304 1330 488 1429 spiritum
505 1333 804 1422 conformentur,
816 1331 1012 1430 simulque
1029 1331 1162 1407 literas
1177 1340 1217 1407 et
1234 1332 1403 1409 minores

166 1447 409 1546 majoresque
434 1447 661 1546 disciplinas
696 1451 716 1494 '³‘
750 1450 771 1493 ’¹‘
804 1450 825 1494 '¹‘
859 1447 1061 1522 addiscant
1092 1449 1403 1526 aselectissimis

165 1563 375 1661 magistris,
390 1563 459 1662 qui
476 1563 622 1638 scilicet
638 1564 856 1639 doctrinam
876 1571 1069 1638 sectentur
1086 1565 1136 1639 ab
1153 1565 1260 1640 omni
1277 1566 1401 1664 cujus·

165 1705 241 1779 quc
275 1680 419 1754 erroris
452 1679 626 1779 periculo
665 1680 833 1754 alienam
849 1680 870 1714 ”
911 1679 988 1778 (Pii
1024 1681 1112 1774 IX,
1148 1681 1304 1781 Encycl.
1340 1685 1402 1758 ad.

165 1795 268 1895 Epp.
296 1795 435 1871 Italiae
462 1797 598 1888 Nostis,
620 1798 657 1871 d.
680 1797 705 1871 8
731 1796 821 1871 Dec.
841 1798 979 1890 1849.),
998 1796 1182 1895 Episcopi
1208 1797 1403 1896 imprimis

165 1937 321 1987 omnem
348 1938 481 1987 curam
514 1919 554 1988 et
583 1913 828 2012 diligentiam
858 1913 1079 2005 adhibeant,
1107 1921 1152 1988 ut
1184 1915 1403 1990 seminariis

164 2029 467 2128 praeparatoriis
510 2029 784 2128 praeficiantur
825 2030 1089 2104 moderatores
1132 2037 1172 2105 et
1213 2031 1402 2129 magistri,

165 2143 311 2219 virtute
336 2152 376 2220 et
401 2146 586 2237 moribus,
613 2145 695 2220 nelo
720 2152 760 2220 et
785 2144 994 2243 prudentia
1022 2171 1099 2220 non
1128 2147 1259 2220 minus
1285 2172 1402 2245 quam

164 2259 322 2360 ingenio
348 2268 388 2337 et
413 2261 574 2337 scientia
598 2260 870 2336 commendati.

159 2402 163 2409 ·
216 2380 303 2453 142.
338 2378 608 2454 Moderatores
638 2386 769 2452 autem
800 2384 840 2453 et
868 2379 1116 2476 professores,
1144 2380 1283 2477 quibus
1311 2379 1401 2455 diri-

165 2497 315 2594 gendae
345 2502 386 2570 ct
414 2494 649 2571 erudiendae
679 2493 868 2569 clericalis
896 2495 1117 2592 juventutis
1148 2520 1291 2570 munus
1320 2506 1400 2571 tam

164 2637 285 2710 grave
310 2617 349 2687 et
373 2613 532 2710 grande,
551 2610 823 2708 Ecclesiaeque
845 2617 885 2685 et
905 2610 1142 2708 reipublicae
1160 2611 1403 2687 Christianae

165 2735 247 2802 tam
272 2727 369 2802 utile
385 2727 649 2803 concreditum
675 2734 745 2818 est,
763 2726 872 2801 omni
897 2751 971 2824 ope
996 2735 1112 2825 atque
1133 2752 1250 2825 opera
1272 2729 1402 2803 conni-

165 2851 311 2937 tantur,
338 2851 384 2919 ut
408 2843 560 2918 alumni
585 2845 635 2918 de
660 2843 724 2918 die
753 2843 795 2917 in
822 2843 926 2918 diem
957 2851 1131 2918 crescant
1159 2843 1201 2918 in
1227 2844 1403 2920 doctrina

165 2961 291 3037 solida
316 2968 357 3036 et
381 2968 568 3054 accurata,
595 2961 637 3034 in
663 2962 739 3035 fide
764 2966 804 3035 et
828 2958 993 3058 pietate3
1021 2961 1205 3035 studeant
1229 2960 1403 3036 discendi

165 3102 340 3152 amorem
370 3077 412 3153 in
442 3076 643 3175 discipulis
673 3076 850 3168 excitare,
881 3075 1076 3174 simulque
1105 3076 1335 3176 disciplinae
1364 3085 1404 3153 et

165 3192 512 3291 laboris'vigorem
537 3216 779 3291 promovere,
805 3216 998 3266 memores
1024 3191 1133 3266 verbi
1161 3192 1401 3291 Prophetae:

166 3309 356 3384 “Bonum
377 3315 437 3384 est
454 3307 551 3400 viro,
570 3334 659 3383 cum
681 3307 899 3405 portaverit
917 3307 1060 3406 jugum
1078 3309 1128 3382 ab
1145 3310 1404 3384 adolescentia
1453 3387 1462 3407 ‚

166 3425 272 3501 sua.’'
340 3426 496 3524 (Thren.
528 3447 592 3500 111.
628 3425 705 3523 27.)
772 3423 890 3499 Omni
925 3424 1054 3499 studio
1089 3427 1327 3500 contendant
1360 3435 1404 3501 ut

166 3543 426 3618 adolescentes
461 3567 485 3617 a
518 3541 647 3641 prima
688 3540 867 3640 pueritia,
903 3540 1047 3639 spiritu
1090 3541 1232 3616 saeculi
1276 3542 1402 3640 magis

166 3659 367 3757 magisque
392 3683 476 3733 sese
501 3664 694 3749 exuentes,
720 3659 770 3732 ad
796 3657 1096 3731 ecclesiasticum
1122 3657 1306 3755 spiritum
1334 3659 1402 3732 fin·
1491 3676 1492 3679 ’

166 3782 330 3876 gantur3
356 3774 499 3850 animis
524 3798 660 3849 eorum
685 3772 880 3847 instillent
904 3780 1029 3847 status
1055 3773 1300 3848 ecclesiastici
1324 3800 1402 3849 rec·

166 3899 248 3967 tam
283 3891 605 3982 aestimationem,
635 3914 810 3964 amorem
844 3914 889 3962 ac
919 3889 1232 3982 venerationem3
1268 3891 1403 3966 sedulo

167 4008 339 4082 laborem
360 4008 573 4100 conferant,
591 4006 769 4102 exemplo
791 4029 868 4079 non
891 4004 1022 4078 minus
1040 4030 1158 4103 quam
1176 4006 1403 4104 praeceptis,

167 4123 207 4198 in
234 4149 347 4199 veros
376 4125 585 4221 firmosque
609 4120 796 4197 orationis
822 4127 862 4196 et
890 4120 1074 4213 caritatis,
1101 4121 1336 4197 humilitatis
1366 4131 1405 4197 et

168 4239 420 4333 obedientiae,
450 4239 629 4314 candoris
656 4244 696 4314 et
725 4237 959 4312 sinceritatis
989 4237 1147 4312 habitus
1176 4237 1404 4313 inserendos

168 4357 516 4454 stabiliendosque3
544 4355 695 4453 abipso
717 4352 898 4429 curriculi
919 4353 1107 4428 clericalis
1128 4353 1264 4428 limine
1289 4356 1404 4429 duces

169 4472 248 4549 sint
272 4473 328 4549 eis
354 4472 396 4548 in
421 4471 569 4547 cunctis
596 4470 676 4545 suis
702 4469 918 4545 actionibus
942 4495 1139 4544 examore
1158 4469 1230 4544 Dei
1257 4469 1403 4568 perfici·
1479 4561 1482 4567 ³

169 4590 279 4664 endis
310 4590 404 4664 adeo
436 4597 480 4662 ut
514 4613 607 4663 cura
637 4586 866 4685 disciplinae
897 4587 1051 4660 dilectio
1087 4586 1149 4679 sit,
1181 4598 1219 4660 et
1250 4585 1404 4662 dilectio
