3142 5242
598 480 677 526 nu
707 482 964 529 srusmoun.
1348 466 1411 530 239

176 636 386 701 Ministerium
405 636 491 703 edita
512 661 572 724 pro
593 636 717 723 Anglia
737 636 865 720 dieitur,
880 637 1036 704 eiusmodi
1058 639 1239 704 facultatem
1249 661 1340 725 posse
1353 637 1410 703 ad-

175 740 291 823 hiberi,
312 744 332 777 “
343 763 412 804 cum
432 764 536 805 aarum
555 764 710 823 numana,
725 741 780 826 qni
793 741 900 805 dabas
907 742 1027 826 festivis
1040 749 1177 806 mamae
1196 743 1304 807 &aas
1317 744 1410 806 assis-

175 850 244 929 tere,
266 845 356 908 talem
380 845 516 909 mhibeat
535 846 746 928 necessitatem,
767 851 802 909 a
825 846 889 909 nisi
912 846 1010 910 alicui
1027 846 1180 911 sacerdoti
1199 847 1281 911 diras
1301 847 1411 911 masas

175 949 276 1012 eodan
290 950 340 1012 die
353 949 526 1013 saaraim
534 956 669 1036 potestas
682 950 875 1034 concedatur,
890 949 1045 1015 Ecclesiae
1064 951 1212 1014 nandulo
1226 950 1333 1037 plures
1346 973 1410 1015 aaa

175 1051 414 1136 satisfacerart.”
460 1053 631 1117 Eiusmodi
653 1062 759 1118 tamen
781 1054 938 1140 generalis
959 1077 1073 1119 norma
1086 1053 1222 1118 dubium
1236 1077 1331 1118 omne
1344 1077 1409 1119 non

173 1155 280 1222 aufert
300 1156 341 1221 de
361 1179 496 1221 numero
512 1157 673 1222 iterationi
687 1158 868 1223 necessario.
913 1157 1006 1222 Idem
1021 1157 1085 1222 diei
1100 1167 1203 1244 potest
1216 1157 1257 1222 (le
1270 1158 1409 1245 quodam

174 1260 326 1347 negativo
336 1283 487 1347 responso
501 1260 534 1326 S.
548 1260 773 1348 Inquisitionis
783 1284 867 1327 anno
881 1264 964 1327 1688
977 1261 1052 1327 dato
1063 1262 1270 1326 missionariis
1284 1262 1409 1348 Capua-

173 1363 254 1429 cinis
275 1363 309 1429 in
333 1364 474 1430 Graecia.
528 1364 578 1429 Hi
600 1365 841 1451 quaesiverant:
867 1368 888 1400 “
906 1365 1014 1432 Utrum
1033 1366 1248 1430 mameranus
1267 1367 1410 1431 sacerdos

172 1469 255 1533 solies
264 1469 300 1532 in
310 1469 374 1532 laco
384 1469 494 1552 aeaeis
504 1469 587 1533 dacis
595 1470 706 1533 missas
716 1468 823 1533 diebus
832 1469 994 1534 dominicis
1004 1469 1156 1554 asceticis
1164 1492 1227 1556 pro
1237 1470 1410 1555 quindecim

172 1594 226 1636 seu
238 1573 348 1656 viginti
364 1574 514 1659 personia,
530 1595 610 1659 quae
630 1573 757 1656 lepitinre
776 1573 939 1659 impeditae
954 1574 1080 1659 pansae
1097 1574 1208 1637 messae
1228 1574 1333 1638 adesm
1345 1597 1409 1638 non

171 1676 342 1759 valnaunt,
354 1676 503 1741 eekbrare
518 1677 617 1763 possit
623 1703 638 1756 ,·
649 1675 670 1707 ''
685 1686 717 1741 et
731 1676 887 1763 Suprema
900 1677 933 1743 S.
950 1677 1127 1764 Inquisitio
1141 1677 1194 1742 die
1209 1679 1250 1743 28
1263 1678 1408 1742 Ianuarii

171 1781 313 1846 eiusdem
327 1781 403 1845 anni
418 1779 559 1847 decrevit
570 1807 578 1846 ε
591 1804 656 1846 noa
666 1782 762 1847 licere.
807 1781 907 1862 Quod
921 1782 950 1846 si
964 1804 1116 1847 numerus
1130 1782 1249 1869 viginti
1264 1781 1407 1846 fidelium

172 1882 259 1949 haud
271 1885 347 1949 satis
357 1885 560 1949 existimatur
569 1894 607 1949 ut
616 1886 713 1950 missa
723 1886 865 1967 iteretur,
877 1884 1011 1949 ulterius
1026 1886 1134 1973 quaeri
1149 1895 1262 1971 potest,
1275 1887 1407 1972 quinam

171 1989 215 2054 sit
229 1989 383 2054 minimus
397 2012 550 2054 numerus
564 1990 622 2077 qui
635 1989 782 2056 sufficiat.

217 2095 269 2159 14.
291 2092 355 2158 Sed
374 2093 457 2158 oiraa
473 2093 628 2158 eiusmodi
643 2092 790 2176 dubium,
805 2092 1075 2179 quemadmodum
1090 2094 1173 2159 eirea
1187 2117 1233 2177 ea,
1249 2117 1331 2181 quae
1344 2095 1409 2158 dis-

170 2199 302 2263 taraiasa
321 2197 506 2284 respiciunt,
524 2196 558 2264 S.
578 2197 792 2285 Congregatio
812 2198 848 2263 in
870 2220 959 2264 more
980 2197 1102 2281 habuit,
1124 2198 1312 2264 resolvenda
1332 2199 1410 2264 haee

170 2325 237 2368 esse
261 2301 412 2388 prudenti
437 2301 685 2367 Ordinariorum
710 2302 900 2367 missionum
920 2301 1054 2366 arbitrio
1083 2325 1104 2367 a
1131 2303 1249 2389 quibus
1274 2302 1409 2368 facultas

169 2404 327 2492 dependet
339 2431 348 2488 ;
384 2405 447 2492 ipsi
475 2406 562 2470 enim
590 2405 627 2470 in
656 2405 743 2488 leole,
766 2405 801 2470 in
830 2405 949 2492 quibus
977 2405 1109 2492 degunt,
1131 2415 1215 2470 recte
1242 2407 1409 2472 aestimare

169 2519 305 2597 possunt
328 2510 580 2576 circumstantias
605 2509 640 2575 in
665 2509 804 2596 singulis
828 2509 954 2574 <usibus
978 2519 1208 2576 concurrentes.
1263 2509 1310 2574 Et
1334 2533 1409 2575 sane

170 2637 271 2700 usque
295 2614 337 2679 ab
360 2636 446 2679 anno
476 2616 561 2680 1688
592 2613 777 2679 Praefectus
806 2611 973 2678 Missionis
1002 2613 1121 2678 Tuneti
1146 2614 1181 2678 in
1211 2612 1409 2679 Mauritania

168 2719 344 2805 generatim
366 2717 558 2805 postulabat,
572 2726 610 2782 ut
630 2716 853 2800 declararetur,
872 2717 978 2803 qualis
999 2740 1065 2782 esse
1086 2739 1239 2782 numerus
1261 2716 1407 2783 fidelium

168 2820 304 2905 deberet,
319 2822 377 2909 qni
391 2822 488 2887 missa
508 2822 724 2907 privarentur,
739 2829 777 2885 ut
789 2821 887 2885 missa
900 2821 1008 2886 iterari
1022 2830 1146 2908 posset;
1168 2831 1201 2886 et
1215 2819 1248 2886 S.
1265 2822 1408 2909 Congre-

167 2925 255 3012 gatio
277 2925 443 2990 Generalis
464 2925 560 2991 Fidei
589 2924 819 3013 Propagandae
846 2924 900 2990 die
930 2928 971 2991 16
1001 2925 1198 2991 Novembris
1223 2924 1407 3011 respondit:

168 3029 377 3116 Relinquetur
390 3030 535 3094 elmritati
548 3036 575 3094 e
587 3017 787 3094 mmoiemiae
800 3029 842 3095 P.
854 3029 1019 3113 Praefecti.
1056 3028 1212 3094 Similiter
1227 3028 1407 3116 Episeopus

167 3133 200 3200 S.
217 3133 378 3200 Ludoviei
392 3134 428 3199 in
441 3133 585 3200 Statibus
598 3134 766 3199 Amerieae
780 3131 964 3198 Foederatis
977 3156 1063 3200 anno
1078 3136 1174 3216 1828,
1188 3133 1335 3220 exposito
1348 3157 1407 3199 suo

167 3238 369 3325 aliorumque
391 3238 626 3325 Episcoporum
646 3238 761 3303 timore
774 3237 938 3323 propriam
953 3236 1177 3303 conscientiam
1191 3237 1348 3324 gravandi
1364 3239 1406 3303 ob

168 3342 381 3408 formularum
399 3341 567 3425 clausulae,
582 3340 778 3429 postulavit:
800 3343 822 3377 “
840 3340 948 3407 laram
967 3342 1082 3427 qraties
1095 3341 1224 3424 tripinta
1238 3347 1294 3406 ant
1315 3343 1407 3427 quia-

167 3447 319 3533 quapinta
331 3447 441 3534 fideles
456 3446 596 3534 pauculo
609 3452 803 3532 aporiantur
816 3444 950 3510 Massam
963 3446 1002 3509 de
1017 3452 1182 3531 praecepto
1200 3468 1265 3510 aare
1284 3447 1405 3529 andire,

167 3551 215 3616 bis
237 3551 388 3616 eekbrare
410 3550 563 3616 mleant.'’
607 3551 658 3616 At
678 3550 768 3615 iussu
789 3548 909 3614 Leonis
930 3548 1021 3616 XII.
1046 3548 1162 3614 litteris
1182 3548 1266 3614 datis
1287 3548 1341 3615 die
1363 3553 1406 3616 13

168 3654 283 3721 Martii
296 3655 486 3742 rescriptum
504 3664 570 3722 ests
594 3653 755 3721 “Omnem
772 3659 801 3718 te
818 3654 1003 3718 anautatem
1015 3653 1116 3717 animi
1129 3653 1278 3740 dapem
1290 3653 1405 3738 delae,

167 3761 291 3848 aquia
311 3759 525 3825 mmmovearis
543 3758 704 3825 rabaam
722 3759 835 3842 ripere,
848 3757 890 3823 se
909 3755 1129 3846 (sanctitatem
1153 3756 1267 3846 Suam)
1288 3758 1405 3822 masei

167 3866 265 3930 critiae
292 3887 332 3930 aa
353 3864 541 3951 prudentiae
567 3870 640 3928 tuae
666 3863 854 3946 anamiim,
874 3867 911 3926 ut
937 3861 1065 3946 induces,
1086 3860 1198 3947 quibua
1221 3861 1258 3925 ia
1282 3861 1406 3926 msr'due

165 3970 286 4034 ratione
305 3968 414 4033 tabae
433 3968 652 4032 adiuncturum
671 3966 814 4031 dioececis
836 3972 910 4030 tuae
930 3988 1042 4049 praees
1065 3965 1173 4029 adesse
1196 3987 1311 4030 eaesae
1334 3988 1405 4030 een·

165 4074 279 4139 undae
297 4074 369 4156 ant,
390 4072 582 4157 saeultatem,
607 4071 646 4135 de
674 4093 739 4158 qua
765 4092 863 4134 santo
891 4075 944 4152 est,
964 4068 1173 4134 sacerdotibus
1199 4069 1402 4156 impertiendi.

175 4177 236 4244 Ubi
262 4201 333 4241 aero
361 4177 420 4241 aa
447 4199 560 4241 musas
580 4198 692 4260 praees
714 4174 881 4239 seeundum
909 4173 1123 4237 mmereraiam
1145 4173 1405 4259 pnudemramue

165 4287 252 4345 amm
272 4280 443 4345 arbitratae
453 4279 569 4366 fieris,
582 4279 739 4344 Sanadm
758 4277 828 4343 Sua
843 4298 935 4363 passe
955 4282 983 4340 a
1003 4275 1117 4362 ahsqree
1135 4277 1203 4340 alla
1216 4275 1404 4340 danaum

166 4407 204 4449 ea
215 4385 370 4469 facultate
383 4386 430 4449 nti
444 4384 571 4468 lienique
583 4379 783 4447 dmlaracit.”

211 4491 263 4555 15.
286 4488 410 4554 Similis
432 4510 559 4575 quoque
581 4487 744 4573 responsio
766 4485 841 4551 data
863 4492 911 4551 est
933 4507 1017 4551 anno
1041 4488 1124 4550 1851
1142 4484 1278 4553 Vieario
1297 4484 1404 4569 Apos-

165 4592 262 4658 tolieo
288 4591 527 4679 Limburgensi,
552 4590 610 4677 qui
638 4589 775 4655 dubium
804 4610 900 4676 super
924 4588 1078 4653 distantia
1106 4588 1152 4652 sio
1176 4597 1403 4674 proposuerat:

1343 4790 1543 4932 Ι·
