3142 5242
209 445 252 509 32
340 460 522 506 TITULUS
552 460 713 507 11.-DE
743 459 952 506 PERSONIS
981 458 1343 507 ECCLESIASTICIS·

209 615 319 690 Sedis
349 614 637 714 dispensatione
667 641 766 714 opus
800 613 863 708 sit,
894 639 973 690 non
1003 612 1064 689 illi
1098 620 1264 706 tantum,
1295 612 1364 713 qui
1393 614 1445 690 ad

209 732 327 806 aliam
362 733 567 807 dioecesim
610 731 672 806 cui
715 732 983 829 incorporetur
1019 732 1187 805 transire
1220 730 1342 820 velit,¹
1376 733 1473 818 sed¹

209 847 326 922 etiam
361 848 422 922 oui
457 873 606 923 sacram
640 848 869 945 religionem
907 847 1060 945 ingredi
1103 846 1342 922 desiderium
1383 847 1445 922 sit.

209 963 326 1058 (Ibid.
354 990 390 1037 n.
421 965 499 1063 10.)

448 1155 465 1247 ξ
492 1154 527 1226 2.
565 1153 623 1228 De
648 1153 880 1229 Sacerdotem
907 1152 1212 1227 Incordinatimw.

259 1320 317 1392 62.
354 1317 452 1392 Cum
477 1317 607 1392 varias
633 1317 683 1392 ob
708 1343 843 1393 causas
868 1318 1101 1416 quandoque
1130 1316 1214 1391 fieri
1242 1317 1376 1410 soleat,
1403 1323 1448 1393 ut

209 1435 387 1508 sacerdos
406 1433 474 1508 uni
500 1433 664 1509 dioecesi
682 1433 722 1508 vi
741 1433 997 1509 ordinationis
1023 1433 1241 1530 adscriptus
1259 1435 1311 1507 ad
1328 1432 1447 1507 aliam

209 1550 377 1625 transire
394 1549 535 1648 cupiat,
554 1551 617 1625 vel
635 1552 818 1625 'sacerdos
841 1548 1032 1649 regularis
1050 1550 1100 1624 ab
1116 1549 1266 1625 ordinis
1283 1549 1345 1625 sui
1363 1548 1446 1623 vin·

209 1666 296 1740 culo
326 1666 490 1759 solutus,
519 1667 622 1741 clero
652 1665 841 1741 saeculari
875 1664 1043 1741 adscribi
1078 1672 1197 1764 petat,
1228 1665 1359 1740 visum
1387 1670 1448 1740 est

211 1781 335 1856 Nobis
356 1790 506 1858 certum
529 1785 690 1858 modum
711 1783 884 1876 definire,
901 1808 977 1882 quo
1001 1780 1042 1856 in
1066 1780 1172 1857 hisce
1193 1783 1337 1857 nostris
1358 1806 1445 1881 pro·

210 1897 348 1972 vinciis
390 1900 567 1974 sacerdos
609 1899 759 1973 alienus
801 1900 903 1974 clero
938 1898 1163 1973 dioecesano
1205 1896 1445 1996 incorporari

210 2013 360 2090 debeat.
410 2014 616 2112 Duplicem
633 2014 764 2113 itaque
781 2014 989 2090 statuimus
1006 2013 1369 2113 incorporationem,
1383 2013 1445 2088 vel

210 2135 255 2204 ut
281 2130 472 2227 appellari
499 2131 608 2223 solet,
626 2130 987 2223 incardinationem,
1006 2131 1211 2205 formalem
1237 2130 1384 2206 scilicet
1408 2137 1447 2204 et

211 2252 516 2344 praesumptam.

259 2364 319 2436 63.
348 2360 570 2436 Eormalem
597 2363 839 2436 declaramus
866 2387 951 2436 eam
978 2387 1071 2454 esse,
1096 2387 1194 2460 quae
1220 2387 1291 2460 per
1317 2370 1446 2437 actum

211 2475 395 2575 Episcopi
425 2479 656 2552 documento
686 2478 883 2575 signatum
915 2477 1087 2570 efficitur,
1113 2476 1182 2576 qui
1208 2480 1447 2554 sacerdotem

211 2592 360 2667 alienae
394 2592 589 2686 dioecesis,
619 2594 833 2669 dummodo
866 2593 1001 2691 utique
1034 2593 1168 2670 literas
1201 2596 1445 2669 commenda·

211 2708 317 2783 titias
351 2715 391 2784 et
422 2709 746 2785 excardinationis
779 2735 804 2784 a
837 2735 907 2783 suo
938 2708 1131 2808 Episcopo
1161 2710 1299 2784 afferat
1331 2717 1446 2809 atque

211 2824 399 2916 exhibeat,
412 2823 454 2899 in
471 2826 617 2900 clerum
635 2851 749 2900 suum
767 2825 961 2900 adscribit.
999 2825 1110 2901 Haec
1124 2833 1257 2901 tamen
1275 2826 1444 2924 adscrip-

210 2939 266 3014 tio
285 2965 362 3015 non
379 2940 512 3015 statim
530 2941 707 3017 facienda
723 2949 793 3035 est,
811 2967 898 3016 cum
916 2940 1004 3040 quis
1021 2941 1177 3017 admitti
1204 2942 1247 3016 in
1272 2941 1445 3040 aliquam

211 3055 415 3131 dioecesim
447 3058 629 3155 postulat,
662 3084 904 3156 quocumque
938 3057 1054 3132 titulo
1083 3058 1288 3133 ordinatus
1316 3057 1445 3151 fuerit,—

211 3172 279 3246 sed
297 3171 513 3270 Episcopus
537 3199 626 3248 eum
650 3173 753 3248 inter
769 3173 928 3248 triennii
953 3173 1124 3271 spatium
1151 3173 1191 3247 in
1219 3173 1446 3248 ministeriis

211 3287 330 3362 sacris
347 3290 557 3363 exercendo
574 3291 625 3364 ad
648 3297 804 3387 tempus
822 3290 1013 3387 probabit,
1031 3288 1270 3388 exquirendo
1286 3289 1444 3364 interim

211 3404 424 3502 peculiares
467 3404 759 3481 informationes
801 3406 851 3481 ab
890 3406 1109 3499 Ordinario,
1143 3430 1168 3480 a
1201 3430 1278 3504 quo
1319 3407 1446 3481 fuerat

211 3520 406 3596 dimissus.
459 3520 625 3619 Exigere
658 3528 790 3597 tamen
821 3522 966 3620 poterit
998 3521 1310 3619 experimentum
1341 3522 1444 3597 ultra

210 3636 434 3730 triennium,
466 3638 535 3712 sed
568 3663 646 3713 non
681 3639 786 3713 ultra
814 3638 1135 3737 quinquennium,
1166 3663 1243 3737 qno
1277 3638 1320 3713 in
1355 3663 1445 3713 casu

212 3752 428 3850 Episcopus
462 3754 534 3828 hoc
559 3779 673 3828 suum
700 3755 941 3853 propositum
973 3753 1170 3829 ulterioris
1204 3754 1445 3853 probationis

210 3869 399 3944 sacerdoti
430 3869 470 3943 in
500 3869 655 3969 scriptis
685 3871 900 3969 significare
930 3870 1055 3964 debet,
1086 3878 1295 3969 antequam
1325 3875 1444 3946 trien-

210 3985 320 4060 nium
345 3985 505 4084 expiret.
557 3986 791 4085 Priusquam
816 4011 907 4061 xero
933 3986 1125 4062 triennale
1140 3987 1203 4062 vel
1229 3988 1444 4086 quinquen·

210 4101 298 4175 nale
312 4101 620 4198 experimentum
634 4103 869 4194 absolvatur,
883 4103 915 4177 si
933 4102 1046 4176 illum
1064 4102 1248 4178 idoneum
1262 4104 1442 4202 reperiat,

209 4242 389 4314 expresso
414 4220 565 4293 decreto
592 4217 757 4293 dioecesi
783 4220 997 4309 adscribat;
1023 4218 1140 4317 idque
1158 4219 1364 4319 Episcop0,
1382 4219 1442 4295 cui

208 4331 276 4407 ille
294 4333 470 4432 proxime
495 4333 674 4409 subditus
700 4334 785 4427 fuit,
804 4335 1004 4433 significet.
1058 4335 1119 4409 Ex
1135 4336 1334 4411 communi
1353 4360 1443 4411 vero

208 4449 369 4524 consilio
404 4458 443 4524 et
477 4475 665 4526 consensu
708 4451 909 4549 utriusque
943 4449 1128 4549 Episcopi
1170 4458 1287 4552 atque
1320 4451 1444 4551 ipsius

244 4614 332 4668 *vide
344 4624 431 4668 tumen
442 4616 574 4669 decretum
586 4617 612 4669 S.
624 4617 653 4670 C.
664 4635 748 4685 snpra,
762 4635 787 4685 p.
801 4619 852 4671 civ.
