3142 5242
407 478 461 523 nn
490 479 647 524 r1run0
675 478 1008 526 onoraarmnrs.
1251 465 1314 528 205

79 633 241 719 quissimis
263 633 338 699 inde
359 634 557 721 temporibus
578 644 706 700 cautum
730 635 837 718 fnisse,
853 644 890 700 ut
909 636 1103 723 quicumque
1123 637 1157 700 in
1173 635 1315 701 Ecclesia
1414 666 1419 678 ·

78 735 141 800 Dei
155 736 196 801 ad
211 759 315 802 sacros
332 736 473 803 Ordines
490 747 594 804 essent
612 739 834 826 promovendi,
848 738 968 804 eisdem
981 740 1022 806 de
1040 762 1182 827 congrua
1201 763 1314 827 perpe-

77 850 197 927 tuaque
209 841 461 907 substentatione
473 842 705 929 provideretur.
745 841 838 908 Olim
848 842 979 931 quidem
990 865 1084 909 nemo
1094 844 1313 928 ordinabatur,

77 944 140 1008 nisi
161 954 264 1010 certae
283 944 515 1011 adscriberetur
529 945 697 1030 Ecclesiae,
712 946 763 1011 cui
785 956 938 1034 perpetuo
952 956 1033 1013 esset
1051 946 1207 1032 addictus,
1222 955 1260 1013 ut
1272 971 1314 1013 ex

76 1047 264 1117 ea‚haberet
284 1050 371 1115 unde
392 1050 494 1117 vitam
523 1050 653 1116 honeste
681 1059 787 1138 posset
811 1048 1028 1117 substentare¹
1080 1050 1313 1117 Posterioribus

76 1173 155 1219 vero
175 1153 373 1239 temporibus
393 1154 508 1219 titulus
529 1153 753 1221 Ordinationis
776 1155 932 1238 invectus,
953 1179 1019 1243 quo
1040 1155 1191 1222 videlicet
1212 1156 1312 1222 victui

75 1254 264 1322 clericorum
283 1257 360 1323 satis
379 1259 606 1326 consuleretur.
650 1258 752 1325 Cuius
767 1259 933 1324 necessitas
946 1260 1098 1346 primitus
1111 1283 1170 1346 pro
1185 1260 1313 1324 ordina·

75 1359 164 1425 tione
178 1358 398 1427 Diaconorum
416 1372 449 1427 et
464 1362 728 1448 Presbyterorum
742 1363 872 1446 sancita,
887 1363 963 1428 dein
976 1363 1018 1429 ab
1032 1362 1223 1429 Innocentio
1238 1363 1311 1429 Ill.

73 1462 117 1529 ad
138 1463 356 1531 Subdiaoonos
379 1488 508 1554 quoque
531 1477 662 1532 extensa
686 1464 774 1533 fuit.²
827 1466 1007 1554 Explorate
1031 1477 1138 1532 autem
1163 1467 1313 1532 omnibus

74 1576 152 1634 sunt
170 1592 252 1656 quae
270 1569 420 1656 Synodus
439 1568 649 1636 Tridentina³
662 1571 723 1636 hac
743 1593 840 1658 super
860 1593 896 1636 re
916 1571 1101 1653 coustituit3
1123 1571 1214 1636 cuius
1227 1571 1313 1636 salu-

74 1672 229 1738 berrimas
250 1675 513 1761 praescriptiones
537 1697 705 1761 progressu
727 1675 879 1762 temporis
900 1674 1018 1740 alicubi
1040 1674 1198 1760 neglectas
1219 1699 1245 1741 s.
1269 1699 1311 1741 m.

76 1776 284 1842 Innocentius
298 1777 367 1843 XI.
383 1777 486 1844 literis
499 1778 666 1865 encyclicis
680 1777 722 1843 ad
736 1801 846 1845 omnes
861 1778 1038 1865 Episcopus
1052 1801 1110 1865 per
1124 1778 1158 1844 S.
1170 1779 1313 1866 Congre-

74 1881 236 1967 gationem
266 1881 404 1948 Consilii
433 1882 486 1948 die
519 1885 561 1947 13
591 1880 674 1946 Maii
706 1885 790 1948 1679
819 1881 904 1947 datis
932 1883 1121 1970 gravissime
1150 1883 1312 1948 observari

75 1983 253 2052 mandavit.

120 2092 151 2157 2.
189 2090 292 2156 Porro
320 2092 468 2177 geminus
496 2091 709 2179 distinguitur
737 2092 863 2174 titulus,
886 2093 1100 2156 ecdaiuaiom
1123 2091 1254 2174 scilicet,
1276 2115 1313 2157 ac

71 2195 311 2280 patrimoniolo.
378 2195 446 2260 Hic
481 2205 670 2282 postremus,
707 2196 759 2261 cui
796 2195 989 2261 occasionem
1025 2194 1148 2260 dedisse
1183 2195 1312 2262 videtur

73 2297 263 2363 Alexander
285 2297 372 2364 III.⁴
392 2301 513 2386 quique
537 2300 621 2365 circa
646 2301 743 2365 finem
768 2298 867 2364 seculi
892 2317 976 2364 xm.
1000 2299 1172 2365 usuvenire
1196 2301 1311 2386 coepit,

74 2401 208 2485 obtinet,
222 2426 296 2468 cum
311 2404 510 2469 ordinandus
523 2405 645 2469 talibus
663 2404 757 2470 bonis
775 2404 869 2469 certis
888 2402 1056 2469 stabilibus
1077 2425 1115 2468 aa
1137 2403 1311 2490 frugiferis,

72 2504 206 2572 aliunde
230 2529 329 2594 quam
354 2507 396 2572 ab
421 2507 566 2573 Feclesia
589 2509 862 2595 provenientibus,
884 2515 933 2572 est
961 2507 1143 2590 instructus,
1166 2530 1247 2596 quae
1270 2507 1312 2573 ad

73 2632 249 2697 congruam
268 2611 338 2676 eius
356 2611 642 2677 substentationem
656 2611 799 2676 sufficere
813 2610 967 2697 Episcopi
982 2611 1102 2676 iudicio
1115 2622 1311 2677 censeantur.

72 2713 131 2779 Ad
150 2715 331 2800 praefatum
344 2715 464 2780 accedit
477 2715 594 2781 titulus
610 2716 781 2802 pensiones,
795 2737 878 2802 quae
891 2737 958 2779 non
972 2713 1124 2779 modoad
1138 2738 1312 2801 congruam

73 2817 180 2883 clerici
194 2817 381 2884 alimoniam
396 2818 549 2903 sufficere,
563 2819 619 2884 sed
634 2826 666 2884 et
679 2829 832 2906 perpetua
846 2841 912 2883 esse
924 2817 1028 2885 debet.
1072 2819 1183 2906 Atque
1197 2818 1233 2883 hi
1247 2818 1313 2884 duo

72 2922 163 2987 tituli
185 2923 430 2989 extraordinarii
443 2923 592 2989 censendi
612 2932 689 2988 sunt
708 2945 746 2988 ac
759 2922 862 2990 veluti
882 2945 922 2987 ex
942 2922 1176 3008 dispensatione
1195 2923 1312 2988 admit-

72 3035 198 3111 tuntur,
212 3029 240 3092 si
259 3028 414 3093 nimirum
429 3027 608 3114 Episcopus
626 3051 686 3115 pro
706 3027 864 3092 Ecclesiae
878 3027 1058 3091 necessitate
1071 3034 1128 3090 aut
1147 3026 1313 3092 commodo

73 3130 213 3217 aliquem
229 3132 275 3196 ita
288 3130 504 3197 ordinandum
519 3154 585 3197 esse
599 3130 811 3197 iudicaverit.l

119 3238 149 3301 3.
181 3235 419 3301 Ecclesiasticus
434 3259 510 3301 vero
524 3235 639 3301 titulus
658 3236 694 3300 in
713 3234 913 3322 beneficialem
929 3234 1158 3318 subdividitur,
1174 3258 1210 3299 ac
1226 3257 1313 3321 pau

70 3341 210 3427 portatu,
232 3340 350 3426 quibus
375 3338 457 3405 aliae
480 3339 637 3427 quaedam
659 3339 763 3406 veluti
788 3339 995 3404 subsidiariae
1020 3346 1115 3424 atque
1135 3338 1313 3404 extraordi·
1420 3422 1424 3437 Ι

74 3445 182 3509 uariae
200 3444 318 3531 speeies
336 3443 531 3530 adjiciendae
549 3453 635 3527 sunt,
649 3443 739 3509 tituli
759 3465 874 3530 nempe
893 3464 1014 3506 mensae
1027 3444 1204 3525 muana,
1218 3453 1313 3529 atque

72 3549 188 3613 moirti
201 3548 366 3632 Ecclesiae,
378 3548 549 3631 Marionis,
559 3548 763 3634 sufficientum,
774 3556 807 3613 et
822 3547 954 3631 Collegit.
1000 3545 1062 3610 Est
1075 3556 1182 3611 autem
1197 3545 1313 3611 titulus

75 3652 218 3718 beneficii
233 3653 284 3718 ius
296 3661 488 3740 perpetuum
502 3652 698 3739 percipiendi
712 3652 837 3716 fructus
850 3674 891 3716 ex
905 3650 998 3716 bonis
1009 3649 1169 3716 Ecclesiae
1182 3659 1313 3737 propter

74 3755 216 3822 officium
229 3756 362 3844 aliquod
374 3757 551 3843 spirituale,
562 3756 767 3821 ecclesiastica
777 3756 963 3821 auctoritate
972 3755 1198 3836 constitutum
1217 3764 1313 3840 atque

74 3861 128 3926 hic
141 3860 322 3927 ordinarius
336 3884 372 3925 ac
385 3861 575 3947 praecipuus
589 3859 704 3925 titulus
718 3882 822 3925 sacrae
835 3858 1057 3925 Ordinationis
1072 3858 1136 3923 dici
1150 3857 1267 3924 debet.⁶

118 3968 150 4031 4.
181 3964 384 4051 Paupertatis
398 3987 474 4029 vcro
494 3963 609 4029 titulus
631 3963 666 4028 in
687 3964 836 4050 religiosa
849 3962 1043 4048 professione
1063 3971 1111 4027 est
1129 3963 1261 4048 positus,
1277 3962 1312 4028 vi

74 4070 166 4134 cuius
180 4069 237 4155 qui
251 4069 405 4134 solemnia
415 4078 490 4134 vota
505 4068 540 4133 in
554 4068 687 4154 probata
702 4067 870 4155 Religione
885 4067 1065 4148 emiserunt,
1078 4065 1131 4133 vel
1146 4089 1186 4130 ex
1202 4066 1312 4130 rediti-

109 4222 117 4253 ¹
129 4222 200 4275 Oeae.
214 4221 391 4287 ducamen,
402 4240 456 4274 cao.
475 4220 519 4274 VI.
716 4219 807 4273 'Ocno
820 4219 967 4271 Lateroaen.
979 4218 1032 4270 ΠΙ.
1046 4237 1099 4270 oca.
1117 4218 1145 4271 V.

108 4303 188 4358 'Sota
200 4305 281 4358 XXI.
293 4305 335 4357 De
344 4308 387 4372 res.
400 4323 453 4373 cop.
465 4304 503 4356 II.
1156 4311 1169 4346 θ

108 4388 160 4439 ⁴In
178 4387 239 4457 Gap.
251 4387 301 4442 IV.
312 4389 343 4440 de
353 4388 472 4440 stoeben
483 4416 518 4426 -
532 4387 705 4439 lbomaasions
716 4387 758 4439 De
769 4394 821 4439 vet.
834 4394 861 4438 et
876 4403 936 4438 nov.
949 4385 1019 4437 Eocl.
1031 4384 1134 4450 discipl.
1144 4393 1211 4452 port.
1224 4387 1247 4436 2.
1259 4385 1275 4436 l.
1288 4386 1312 4436 1.

76 4473 202 4607 ωξίξοπέ
214 4473 283 4607 {lid
294 4556 336 4607 loo
349 4556 389 4607 eit.
400 4563 427 4606 et
438 4554 531 4607 Bened.
544 4554 624 4607 XIV.
636 4555 700 4606 Inst.
714 4553 785 4605 Eeel.
799 4555 839 4605 26.
851 4571 876 4604 a.
889 4555 912 4604 1.
923 4560 945 4603 et
956 4553 980 4603 3.

110 4636 241 4705 ‘lbprrua
253 4637 282 4689 in
293 4639 357 4717 Cap.
369 4638 394 4690 4.
405 4639 435 4689 de
445 4637 582 4689 Praebent.
593 4655 619 4689 n.
630 4637 672 4690 24.

1044 4798 1422 4984 [ss
