<?xml version="1.0" encoding="UTF-8"?>
<!DOCTYPE html PUBLIC "-//W3C//DTD XHTML 1.0 Transitional//EN"
    "http://www.w3.org/TR/xhtml1/DTD/xhtml1-transitional.dtd">
<html xmlns="http://www.w3.org/1999/xhtml" xml:lang="en" lang="en">
 <head>
  <title>
</title>
<meta http-equiv="Content-Type" content="text/html;charset=utf-8" />
  <meta name='ocr-system' content='tesseract 3.04.00' />
  <meta name='ocr-capabilities' content='ocr_page ocr_carea ocr_par ocr_line ocrx_word'/>
</head>
<body>
  <div class='ocr_page' id='page_1' title='image "./actaetdecretaco00gibbgoog_0386.png"; bbox 0 0 3142 5242; ppageno 0'>
   <div class='ocr_carea' id='block_1_1' title="bbox 448 465 1411 529">
    <p class='ocr_par' dir='ltr' id='par_1_1' title="bbox 448 465 1411 529">
     <span class='ocr_line' id='line_1_1' title="bbox 448 465 1411 529; baseline 0 -3"><span class='ocrx_word' id='word_1_1' title='bbox 448 480 502 526; x_wconf 82' lang='lat' dir='ltr'>DE</span> <span class='ocrx_word' id='word_1_2' title='bbox 531 480 681 528; x_wconf 80' lang='lat' dir='ltr'>CAUSIS</span> <span class='ocrx_word' id='word_1_3' title='bbox 711 479 1143 527; x_wconf 76' lang='lat' dir='ltr'>MATRIMONIALIBUS.</span> <span class='ocrx_word' id='word_1_4' title='bbox 1348 465 1411 529; x_wconf 77' lang='lat'>269</span> 
     </span>
    </p>
   </div>
   <div class='ocr_carea' id='block_1_2' title="bbox 81 635 1412 3322">
    <p class='ocr_par' dir='ltr' id='par_1_2' title="bbox 169 635 1412 1866">
     <span class='ocr_line' id='line_1_2' title="bbox 175 635 1411 723; baseline 0 -21"><span class='ocrx_word' id='word_1_5' title='bbox 175 636 370 722; x_wconf 86' lang='lat' dir='ltr'>processerit,</span> <span class='ocrx_word' id='word_1_6' title='bbox 392 636 625 723; x_wconf 87' lang='lat' dir='ltr'>dignoscuntur</span> <span class='ocrx_word' id='word_1_7' title='bbox 646 660 687 702; x_wconf 86' lang='lat' dir='ltr'>ex</span> <span class='ocrx_word' id='word_1_8' title='bbox 708 635 821 702; x_wconf 88' lang='lat' dir='ltr'>arbore</span> <span class='ocrx_word' id='word_1_9' title='bbox 844 635 1045 722; x_wconf 67' lang='lat' dir='ltr'>genealogica</span> <span class='ocrx_word' id='word_1_10' title='bbox 1070 635 1236 723; x_wconf 90' lang='lat' dir='ltr'>utriusque</span> <span class='ocrx_word' id='word_1_11' title='bbox 1261 637 1411 722; x_wconf 86' lang='lat' dir='ltr'>familiae,</span> 
     </span>
     <span class='ocr_line' id='line_1_3' title="bbox 175 739 1412 828; baseline 0.002 -23"><span class='ocrx_word' id='word_1_12' title='bbox 175 739 370 806; x_wconf 88' lang='lat' dir='ltr'>conficienda</span> <span class='ocrx_word' id='word_1_13' title='bbox 390 764 431 806; x_wconf 84' lang='lat' dir='ltr'>ex</span> <span class='ocrx_word' id='word_1_14' title='bbox 452 742 583 828; x_wconf 80' lang='lat' dir='ltr'>regestis</span> <span class='ocrx_word' id='word_1_15' title='bbox 601 741 891 823; x_wconf 81' lang='lat' dir='ltr'>matrimoniorum,</span> <span class='ocrx_word' id='word_1_16' title='bbox 906 748 937 805; x_wconf 91' lang='lat' dir='ltr'>et</span> <span class='ocrx_word' id='word_1_17' title='bbox 956 763 997 805; x_wconf 85' lang='lat' dir='ltr'>ex</span> <span class='ocrx_word' id='word_1_18' title='bbox 1015 739 1108 805; x_wconf 90' lang='lat' dir='ltr'>libris</span> <span class='ocrx_word' id='word_1_19' title='bbox 1122 741 1218 806; x_wconf 91' lang='lat' dir='ltr'>etiam</span> <span class='ocrx_word' id='word_1_20' title='bbox 1237 740 1412 828; x_wconf 86' lang='lat' dir='ltr'>baptizato-</span> 
     </span>
     <span class='ocr_line' id='line_1_4' title="bbox 174 842 1411 932; baseline 0.003 -24"><span class='ocrx_word' id='word_1_21' title='bbox 174 865 257 929; x_wconf 91' lang='lat' dir='ltr'>rum,</span> <span class='ocrx_word' id='word_1_22' title='bbox 272 844 308 910; x_wconf 94' lang='lat' dir='ltr'>in</span> <span class='ocrx_word' id='word_1_23' title='bbox 328 844 449 932; x_wconf 89' lang='lat' dir='ltr'>quibus</span> <span class='ocrx_word' id='word_1_24' title='bbox 469 854 579 911; x_wconf 89' lang='lat' dir='ltr'>notata</span> <span class='ocrx_word' id='word_1_25' title='bbox 600 868 666 911; x_wconf 76' lang='lat' dir='ltr'>esse</span> <span class='ocrx_word' id='word_1_26' title='bbox 686 844 804 910; x_wconf 88' lang='lat' dir='ltr'>debent</span> <span class='ocrx_word' id='word_1_27' title='bbox 824 844 956 910; x_wconf 90' lang='lat' dir='ltr'>nomina</span> <span class='ocrx_word' id='word_1_28' title='bbox 976 867 1042 909; x_wconf 92' lang='lat' dir='ltr'>non</span> <span class='ocrx_word' id='word_1_29' title='bbox 1062 842 1159 909; x_wconf 92' lang='lat' dir='ltr'>modo</span> <span class='ocrx_word' id='word_1_30' title='bbox 1178 844 1361 931; x_wconf 84' lang='lat' dir='ltr'>coniugum,</span> <span class='ocrx_word' id='word_1_31' title='bbox 1378 855 1411 912; x_wconf 88' lang='lat' dir='ltr'>et</span> 
     </span>
     <span class='ocr_line' id='line_1_5' title="bbox 173 947 1410 1036; baseline 0.002 -23"><span class='ocrx_word' id='word_1_32' title='bbox 173 969 283 1013; x_wconf 88' lang='lat' dir='ltr'>eorum</span> <span class='ocrx_word' id='word_1_33' title='bbox 298 949 355 1035; x_wconf 93' lang='lat' dir='ltr'>qui</span> <span class='ocrx_word' id='word_1_34' title='bbox 375 948 528 1035; x_wconf 83' lang='lat' dir='ltr'>baptizati</span> <span class='ocrx_word' id='word_1_35' title='bbox 541 958 627 1032; x_wconf 90' lang='lat' dir='ltr'>sunt,</span> <span class='ocrx_word' id='word_1_36' title='bbox 642 947 698 1014; x_wconf 92' lang='lat' dir='ltr'>sed</span> <span class='ocrx_word' id='word_1_37' title='bbox 719 949 836 1014; x_wconf 91' lang='lat' dir='ltr'>horum</span> <span class='ocrx_word' id='word_1_38' title='bbox 854 948 951 1013; x_wconf 91' lang='lat' dir='ltr'>etiam</span> <span class='ocrx_word' id='word_1_39' title='bbox 970 958 1149 1036; x_wconf 87' lang='lat' dir='ltr'>parentum.</span> <span class='ocrx_word' id='word_1_40' title='bbox 1192 948 1349 1015; x_wconf 74' lang='lat' dir='ltr'>Similiter</span> <span class='ocrx_word' id='word_1_41' title='bbox 1368 973 1410 1015; x_wconf 86' lang='lat' dir='ltr'>ex</span> 
     </span>
     <span class='ocr_line' id='line_1_6' title="bbox 173 1050 1410 1140; baseline 0.003 -25"><span class='ocrx_word' id='word_1_42' title='bbox 173 1050 265 1117; x_wconf 90' lang='lat' dir='ltr'>libris</span> <span class='ocrx_word' id='word_1_43' title='bbox 279 1052 513 1140; x_wconf 86' lang='lat' dir='ltr'>baptizatorum</span> <span class='ocrx_word' id='word_1_44' title='bbox 527 1061 560 1118; x_wconf 89' lang='lat' dir='ltr'>et</span> <span class='ocrx_word' id='word_1_45' title='bbox 575 1053 836 1118; x_wconf 91' lang='lat' dir='ltr'>confirmatorum</span> <span class='ocrx_word' id='word_1_46' title='bbox 855 1062 964 1138; x_wconf 83' lang='lat' dir='ltr'>aperte</span> <span class='ocrx_word' id='word_1_47' title='bbox 979 1052 1104 1117; x_wconf 89' lang='lat' dir='ltr'>eruitur</span> <span class='ocrx_word' id='word_1_48' title='bbox 1119 1053 1266 1139; x_wconf 86' lang='lat' dir='ltr'>cognatio</span> <span class='ocrx_word' id='word_1_49' title='bbox 1279 1055 1410 1139; x_wconf 92' lang='lat' dir='ltr'>spiritu-</span> 
     </span>
     <span class='ocr_line' id='line_1_7' title="bbox 172 1154 1408 1244; baseline 0.002 -24"><span class='ocrx_word' id='word_1_50' title='bbox 172 1154 241 1238; x_wconf 88' lang='lat' dir='ltr'>alis,</span> <span class='ocrx_word' id='word_1_51' title='bbox 256 1157 335 1243; x_wconf 90' lang='lat' dir='ltr'>quia</span> <span class='ocrx_word' id='word_1_52' title='bbox 348 1155 384 1221; x_wconf 94' lang='lat' dir='ltr'>in</span> <span class='ocrx_word' id='word_1_53' title='bbox 398 1155 464 1222; x_wconf 93' lang='lat' dir='ltr'>illis</span> <span class='ocrx_word' id='word_1_54' title='bbox 474 1179 628 1223; x_wconf 90' lang='lat' dir='ltr'>unacum</span> <span class='ocrx_word' id='word_1_55' title='bbox 641 1179 751 1222; x_wconf 91' lang='lat' dir='ltr'>eorum</span> <span class='ocrx_word' id='word_1_56' title='bbox 765 1157 823 1244; x_wconf 90' lang='lat' dir='ltr'>qui</span> <span class='ocrx_word' id='word_1_57' title='bbox 842 1155 995 1243; x_wconf 85' lang='lat' dir='ltr'>baptizati</span> <span class='ocrx_word' id='word_1_58' title='bbox 1009 1155 1063 1222; x_wconf 89' lang='lat' dir='ltr'>vel</span> <span class='ocrx_word' id='word_1_59' title='bbox 1077 1156 1255 1222; x_wconf 87' lang='lat' dir='ltr'>confirmati</span> <span class='ocrx_word' id='word_1_60' title='bbox 1269 1156 1408 1243; x_wconf 86' lang='lat' dir='ltr'>fuerunt,</span> 
     </span>
     <span class='ocr_line' id='line_1_8' title="bbox 172 1260 1410 1348; baseline 0.002 -25"><span class='ocrx_word' id='word_1_61' title='bbox 172 1260 304 1325; x_wconf 91' lang='lat' dir='ltr'>nomina</span> <span class='ocrx_word' id='word_1_62' title='bbox 321 1283 450 1348; x_wconf 90' lang='lat' dir='ltr'>quoque</span> <span class='ocrx_word' id='word_1_63' title='bbox 467 1262 620 1327; x_wconf 85' lang='lat' dir='ltr'>recensita</span> <span class='ocrx_word' id='word_1_64' title='bbox 638 1284 705 1327; x_wconf 88' lang='lat' dir='ltr'>esse</span> <span class='ocrx_word' id='word_1_65' title='bbox 722 1260 842 1326; x_wconf 88' lang='lat' dir='ltr'>debent</span> <span class='ocrx_word' id='word_1_66' title='bbox 859 1261 928 1326; x_wconf 89' lang='lat' dir='ltr'>sive</span> <span class='ocrx_word' id='word_1_67' title='bbox 948 1260 1148 1347; x_wconf 83' lang='lat' dir='ltr'>patrinorum</span> <span class='ocrx_word' id='word_1_68' title='bbox 1169 1261 1239 1327; x_wconf 86' lang='lat' dir='ltr'>sive</span> <span class='ocrx_word' id='word_1_69' title='bbox 1258 1262 1410 1327; x_wconf 88' lang='lat' dir='ltr'>matrina-</span> 
     </span>
     <span class='ocr_line' id='line_1_9' title="bbox 171 1352 1410 1432; baseline 0.003 -4"><span class='ocrx_word' id='word_1_70' title='bbox 171 1385 255 1430; x_wconf 93' lang='lat' dir='ltr'>rum.</span> <span class='ocrx_word' id='word_1_71' title='bbox 299 1363 395 1430; x_wconf 85' lang='lat' dir='ltr'>Talia</span> <span class='ocrx_word' id='word_1_72' title='bbox 415 1365 606 1430; x_wconf 87' lang='lat' dir='ltr'>documenta</span> <span class='ocrx_word' id='word_1_73' title='bbox 630 1365 667 1429; x_wconf 93' lang='lat' dir='ltr'>in</span> <span class='ocrx_word' id='word_1_74' title='bbox 692 1364 796 1430; x_wconf 87' lang='lat' dir='ltr'>forma</span> <span class='ocrx_word' id='word_1_75' title='bbox 820 1364 1004 1429; x_wconf 84' lang='lat' dir='ltr'>authentica</span> <span class='ocrx_word' id='word_1_76' title='bbox 1023 1386 1065 1429; x_wconf 84' lang='lat' dir='ltr'>ex</span> <span class='ocrx_word' id='word_1_77' title='bbox 1085 1352 1180 1429; x_wconf 87' lang='lat' dir='ltr'>dietis</span> <span class='ocrx_word' id='word_1_78' title='bbox 1201 1363 1295 1430; x_wconf 91' lang='lat' dir='ltr'>libris</span> <span class='ocrx_word' id='word_1_79' title='bbox 1315 1376 1410 1432; x_wconf 87' lang='lat' dir='ltr'>erunt</span> 
     </span>
     <span class='ocr_line' id='line_1_10' title="bbox 171 1465 1408 1555; baseline 0.002 -24"><span class='ocrx_word' id='word_1_80' title='bbox 171 1465 347 1533; x_wconf 87' lang='lat' dir='ltr'>haurienda</span> <span class='ocrx_word' id='word_1_81' title='bbox 360 1491 457 1554; x_wconf 90' lang='lat' dir='ltr'>opera</span> <span class='ocrx_word' id='word_1_82' title='bbox 470 1468 682 1555; x_wconf 83' lang='lat' dir='ltr'>parochorum</span> <span class='ocrx_word' id='word_1_83' title='bbox 693 1467 746 1534; x_wconf 89' lang='lat' dir='ltr'>vel</span> <span class='ocrx_word' id='word_1_84' title='bbox 761 1468 874 1550; x_wconf 84' lang='lat' dir='ltr'>curiae,</span> <span class='ocrx_word' id='word_1_85' title='bbox 886 1489 952 1532; x_wconf 91' lang='lat' dir='ltr'>una</span> <span class='ocrx_word' id='word_1_86' title='bbox 964 1490 1038 1532; x_wconf 92' lang='lat' dir='ltr'>cum</span> <span class='ocrx_word' id='word_1_87' title='bbox 1053 1467 1234 1533; x_wconf 86' lang='lat' dir='ltr'>testimonio</span> <span class='ocrx_word' id='word_1_88' title='bbox 1244 1467 1285 1533; x_wconf 89' lang='lat' dir='ltr'>de</span> <span class='ocrx_word' id='word_1_89' title='bbox 1298 1492 1408 1534; x_wconf 90' lang='lat' dir='ltr'>eorum</span> 
     </span>
     <span class='ocr_line' id='line_1_11' title="bbox 171 1569 1409 1659; baseline 0.005 -25"><span class='ocrx_word' id='word_1_90' title='bbox 171 1569 338 1636; x_wconf 86' lang='lat' dir='ltr'>identitate</span> <span class='ocrx_word' id='word_1_91' title='bbox 358 1594 433 1636; x_wconf 91' lang='lat' dir='ltr'>cum</span> <span class='ocrx_word' id='word_1_92' title='bbox 454 1572 638 1658; x_wconf 86' lang='lat' dir='ltr'>respectivis</span> <span class='ocrx_word' id='word_1_93' title='bbox 659 1571 826 1659; x_wconf 85' lang='lat' dir='ltr'>particulis</span> <span class='ocrx_word' id='word_1_94' title='bbox 847 1571 883 1636; x_wconf 92' lang='lat' dir='ltr'>in</span> <span class='ocrx_word' id='word_1_95' title='bbox 904 1570 996 1636; x_wconf 89' lang='lat' dir='ltr'>libris</span> <span class='ocrx_word' id='word_1_96' title='bbox 1017 1572 1217 1653; x_wconf 74' lang='lat' dir='ltr'>extantibus,</span> <span class='ocrx_word' id='word_1_97' title='bbox 1253 1572 1320 1637; x_wconf 91' lang='lat' dir='ltr'>imo</span> <span class='ocrx_word' id='word_1_98' title='bbox 1340 1573 1368 1638; x_wconf 92' lang='lat' dir='ltr'>si</span> <span class='ocrx_word' id='word_1_99' title='bbox 1389 1598 1409 1640; x_wconf 90' lang='lat' dir='ltr'>a</span> 
     </span>
     <span class='ocr_line' id='line_1_12' title="bbox 170 1674 1408 1763; baseline 0.002 -24"><span class='ocrx_word' id='word_1_100' title='bbox 170 1674 309 1761; x_wconf 86' lang='lat' dir='ltr'>parocho</span> <span class='ocrx_word' id='word_1_101' title='bbox 333 1675 554 1741; x_wconf 87' lang='lat' dir='ltr'>testimonium</span> <span class='ocrx_word' id='word_1_102' title='bbox 578 1675 692 1742; x_wconf 91' lang='lat' dir='ltr'>datum</span> <span class='ocrx_word' id='word_1_103' title='bbox 720 1675 828 1759; x_wconf 86' lang='lat' dir='ltr'>fuerit,</span> <span class='ocrx_word' id='word_1_104' title='bbox 850 1697 931 1761; x_wconf 91' lang='lat' dir='ltr'>opus</span> <span class='ocrx_word' id='word_1_105' title='bbox 960 1675 1023 1740; x_wconf 88' lang='lat' dir='ltr'>erit</span> <span class='ocrx_word' id='word_1_106' title='bbox 1040 1683 1085 1739; x_wconf 67' lang='lat' dir='ltr'>‘ut</span> <span class='ocrx_word' id='word_1_107' title='bbox 1111 1675 1253 1741; x_wconf 89' lang='lat' dir='ltr'>eiusdem</span> <span class='ocrx_word' id='word_1_108' title='bbox 1277 1677 1408 1763; x_wconf 87' lang='lat' dir='ltr'>parochi</span> 
     </span>
     <span class='ocr_line' id='line_1_13' title="bbox 169 1777 1116 1866; baseline 0.001 -21"><span class='ocrx_word' id='word_1_109' title='bbox 169 1777 349 1866; x_wconf 82' lang='lat' dir='ltr'>obsignatio</span> <span class='ocrx_word' id='word_1_110' title='bbox 369 1802 390 1845; x_wconf 89' lang='lat' dir='ltr'>a</span> <span class='ocrx_word' id='word_1_111' title='bbox 409 1781 498 1845; x_wconf 91' lang='lat' dir='ltr'>curia</span> <span class='ocrx_word' id='word_1_112' title='bbox 520 1779 705 1866; x_wconf 86' lang='lat' dir='ltr'>Episcopali</span> <span class='ocrx_word' id='word_1_113' title='bbox 727 1779 909 1845; x_wconf 87' lang='lat' dir='ltr'>authentica</span> <span class='ocrx_word' id='word_1_114' title='bbox 929 1779 1116 1846; x_wconf 81' lang='lat' dir='ltr'>declaretur.</span> 
     </span>
    </p>

    <p class='ocr_par' dir='ltr' id='par_1_3' title="bbox 81 1881 1408 3322">
     <span class='ocr_line' id='line_1_14' title="bbox 214 1881 1408 1971; baseline 0.002 -22"><span class='ocrx_word' id='word_1_115' title='bbox 214 1883 231 1960; x_wconf 84' lang='lat'>§</span> <span class='ocrx_word' id='word_1_116' title='bbox 254 1886 307 1949; x_wconf 81' lang='lat'>32.</span> <span class='ocrx_word' id='word_1_117' title='bbox 338 1882 438 1964; x_wconf 81' lang='lat' dir='ltr'>Quod</span> <span class='ocrx_word' id='word_1_118' title='bbox 456 1885 485 1949; x_wconf 89' lang='lat' dir='ltr'>si</span> <span class='ocrx_word' id='word_1_119' title='bbox 504 1883 636 1969; x_wconf 90' lang='lat' dir='ltr'>aliquod</span> <span class='ocrx_word' id='word_1_120' title='bbox 655 1885 778 1948; x_wconf 90' lang='lat' dir='ltr'>oriatur</span> <span class='ocrx_word' id='word_1_121' title='bbox 791 1881 928 1949; x_wconf 93' lang='lat' dir='ltr'>dubium</span> <span class='ocrx_word' id='word_1_122' title='bbox 946 1883 1029 1948; x_wconf 87' lang='lat' dir='ltr'>cirea</span> <span class='ocrx_word' id='word_1_123' title='bbox 1043 1883 1234 1950; x_wconf 91' lang='lat' dir='ltr'>documenta</span> <span class='ocrx_word' id='word_1_124' title='bbox 1248 1885 1408 1971; x_wconf 83' lang='lat' dir='ltr'>praedicta</span> 
     </span>
     <span class='ocr_line' id='line_1_15' title="bbox 169 1977 1408 2069; baseline 0.002 -16"><span class='ocrx_word' id='word_1_125' title='bbox 169 1985 223 2053; x_wconf 82' lang='lat' dir='ltr'>vel</span> <span class='ocrx_word' id='word_1_126' title='bbox 247 1987 329 2052; x_wconf 88' lang='lat' dir='ltr'>cirea</span> <span class='ocrx_word' id='word_1_127' title='bbox 353 2009 464 2052; x_wconf 91' lang='lat' dir='ltr'>eorum</span> <span class='ocrx_word' id='word_1_128' title='bbox 490 1988 669 2069; x_wconf 87' lang='lat' dir='ltr'>veritatem,</span> <span class='ocrx_word' id='word_1_129' title='bbox 692 1987 727 2050; x_wconf 93' lang='lat' dir='ltr'>in</span> <span class='ocrx_word' id='word_1_130' title='bbox 757 1985 913 2052; x_wconf 88' lang='lat' dir='ltr'>indicium</span> <span class='ocrx_word' id='word_1_131' title='bbox 937 1977 1074 2052; x_wconf 78' lang='lat' dir='ltr'>vocandi</span> <span class='ocrx_word' id='word_1_132' title='bbox 1098 1997 1194 2053; x_wconf 88' lang='lat' dir='ltr'>erunt</span> <span class='ocrx_word' id='word_1_133' title='bbox 1217 1999 1250 2054; x_wconf 90' lang='lat' dir='ltr'>et</span> <span class='ocrx_word' id='word_1_134' title='bbox 1275 1989 1408 2056; x_wconf 88' lang='lat' dir='ltr'>iuridioe</span> 
     </span>
     <span class='ocr_line' id='line_1_16' title="bbox 169 2088 1407 2178; baseline 0.002 -23"><span class='ocrx_word' id='word_1_135' title='bbox 169 2090 373 2156; x_wconf 87' lang='lat' dir='ltr'>examinandi</span> <span class='ocrx_word' id='word_1_136' title='bbox 395 2091 632 2178; x_wconf 85' lang='lat' dir='ltr'>consanguinei,</span> <span class='ocrx_word' id='word_1_137' title='bbox 647 2088 767 2173; x_wconf 90' lang='lat' dir='ltr'>affines,</span> <span class='ocrx_word' id='word_1_138' title='bbox 787 2089 971 2177; x_wconf 87' lang='lat' dir='ltr'>propinqui,</span> <span class='ocrx_word' id='word_1_139' title='bbox 985 2090 1104 2178; x_wconf 92' lang='lat' dir='ltr'>quibus</span> <span class='ocrx_word' id='word_1_140' title='bbox 1124 2092 1215 2178; x_wconf 87' lang='lat' dir='ltr'>origo</span> <span class='ocrx_word' id='word_1_141' title='bbox 1236 2115 1346 2158; x_wconf 90' lang='lat' dir='ltr'>eorum</span> <span class='ocrx_word' id='word_1_142' title='bbox 1366 2093 1407 2158; x_wconf 91' lang='lat' dir='ltr'>de</span> 
     </span>
     <span class='ocr_line' id='line_1_17' title="bbox 167 2194 1407 2282; baseline 0.002 -23"><span class='ocrx_word' id='word_1_143' title='bbox 167 2194 286 2281; x_wconf 92' lang='lat' dir='ltr'>quibus</span> <span class='ocrx_word' id='word_1_144' title='bbox 300 2195 407 2282; x_wconf 87' lang='lat' dir='ltr'>agitur</span> <span class='ocrx_word' id='word_1_145' title='bbox 417 2205 494 2261; x_wconf 88' lang='lat' dir='ltr'>nota</span> <span class='ocrx_word' id='word_1_146' title='bbox 507 2195 550 2260; x_wconf 88' lang='lat' dir='ltr'>sit</span> <span class='ocrx_word' id='word_1_147' title='bbox 563 2204 621 2260; x_wconf 88' lang='lat' dir='ltr'>aut</span> <span class='ocrx_word' id='word_1_148' title='bbox 634 2204 711 2260; x_wconf 90' lang='lat' dir='ltr'>nota</span> <span class='ocrx_word' id='word_1_149' title='bbox 724 2217 790 2259; x_wconf 89' lang='lat' dir='ltr'>esse</span> <span class='ocrx_word' id='word_1_150' title='bbox 803 2194 912 2281; x_wconf 82' lang='lat' dir='ltr'>possit,</span> <span class='ocrx_word' id='word_1_151' title='bbox 924 2203 962 2258; x_wconf 91' lang='lat' dir='ltr'>ut</span> <span class='ocrx_word' id='word_1_152' title='bbox 975 2217 1016 2258; x_wconf 86' lang='lat' dir='ltr'>ex</span> <span class='ocrx_word' id='word_1_153' title='bbox 1030 2194 1145 2258; x_wconf 90' lang='lat' dir='ltr'>horum</span> <span class='ocrx_word' id='word_1_154' title='bbox 1156 2195 1407 2282; x_wconf 84' lang='lat' dir='ltr'>depositionibus</span> 
     </span>
     <span class='ocr_line' id='line_1_18' title="bbox 167 2298 1405 2387; baseline 0.003 -24"><span class='ocrx_word' id='word_1_155' title='bbox 167 2299 285 2384; x_wconf 86' lang='lat' dir='ltr'>gradus</span> <span class='ocrx_word' id='word_1_156' title='bbox 313 2299 598 2387; x_wconf 86' lang='lat' dir='ltr'>consanguinitatis</span> <span class='ocrx_word' id='word_1_157' title='bbox 626 2298 680 2365; x_wconf 90' lang='lat' dir='ltr'>vel</span> <span class='ocrx_word' id='word_1_158' title='bbox 713 2298 878 2363; x_wconf 87' lang='lat' dir='ltr'>affinitatis</span> <span class='ocrx_word' id='word_1_159' title='bbox 905 2298 1022 2363; x_wconf 88' lang='lat' dir='ltr'>clarius</span> <span class='ocrx_word' id='word_1_160' title='bbox 1053 2298 1160 2365; x_wconf 85' lang='lat' dir='ltr'>valeat</span> <span class='ocrx_word' id='word_1_161' title='bbox 1190 2299 1405 2368; x_wconf 90' lang='lat' dir='ltr'>determinari.</span> 
     </span>
     <span class='ocr_line' id='line_1_19' title="bbox 81 2384 1406 2491; baseline 0.003 -24"><span class='ocrx_word' id='word_1_162' title='bbox 81 2384 88 2408; x_wconf 73' lang='lat'>⁸</span> <span class='ocrx_word' id='word_1_163' title='bbox 167 2402 244 2468; x_wconf 89' lang='lat' dir='ltr'>Non</span> <span class='ocrx_word' id='word_1_164' title='bbox 260 2402 324 2468; x_wconf 84' lang='lat' dir='ltr'>levi</span> <span class='ocrx_word' id='word_1_165' title='bbox 340 2403 549 2469; x_wconf 87' lang='lat' dir='ltr'>fundamento</span> <span class='ocrx_word' id='word_1_166' title='bbox 563 2402 640 2468; x_wconf 90' lang='lat' dir='ltr'>huic</span> <span class='ocrx_word' id='word_1_167' title='bbox 653 2403 700 2467; x_wconf 92' lang='lat' dir='ltr'>rei</span> <span class='ocrx_word' id='word_1_168' title='bbox 714 2425 781 2468; x_wconf 86' lang='lat' dir='ltr'>esse</span> <span class='ocrx_word' id='word_1_169' title='bbox 799 2410 904 2489; x_wconf 83' lang='lat' dir='ltr'>potest</span> <span class='ocrx_word' id='word_1_170' title='bbox 917 2402 1013 2468; x_wconf 87' lang='lat' dir='ltr'>etiam</span> <span class='ocrx_word' id='word_1_171' title='bbox 1033 2402 1164 2489; x_wconf 71' lang='lat' dir='ltr'>publica</span> <span class='ocrx_word' id='word_1_172' title='bbox 1177 2403 1273 2488; x_wconf 87' lang='lat' dir='ltr'>fama,</span> <span class='ocrx_word' id='word_1_173' title='bbox 1288 2403 1329 2470; x_wconf 90' lang='lat' dir='ltr'>de</span> <span class='ocrx_word' id='word_1_174' title='bbox 1342 2428 1406 2491; x_wconf 92' lang='lat' dir='ltr'>qua</span> 
     </span>
     <span class='ocr_line' id='line_1_20' title="bbox 91 2505 1406 2594; baseline 0.002 -24"><span class='ocrx_word' id='word_1_175' title='bbox 91 2534 102 2555; x_wconf 66' lang='lat'><strong><em>⁴</em></strong></span> <span class='ocrx_word' id='word_1_176' title='bbox 167 2507 249 2571; x_wconf 89' lang='lat' dir='ltr'>ratio</span> <span class='ocrx_word' id='word_1_177' title='bbox 264 2507 325 2572; x_wconf 89' lang='lat' dir='ltr'>erit</span> <span class='ocrx_word' id='word_1_178' title='bbox 338 2507 485 2573; x_wconf 85' lang='lat' dir='ltr'>habenda</span> <span class='ocrx_word' id='word_1_179' title='bbox 497 2533 506 2590; x_wconf 90' lang='lat'>;</span> <span class='ocrx_word' id='word_1_180' title='bbox 526 2506 595 2572; x_wconf 91' lang='lat' dir='ltr'>eius</span> <span class='ocrx_word' id='word_1_181' title='bbox 606 2515 714 2572; x_wconf 89' lang='lat' dir='ltr'>tamen</span> <span class='ocrx_word' id='word_1_182' title='bbox 728 2505 839 2571; x_wconf 90' lang='lat' dir='ltr'>sedulo</span> <span class='ocrx_word' id='word_1_183' title='bbox 853 2505 1081 2571; x_wconf 87' lang='lat' dir='ltr'>consideranda</span> <span class='ocrx_word' id='word_1_184' title='bbox 1091 2507 1153 2572; x_wconf 88' lang='lat' dir='ltr'>erit</span> <span class='ocrx_word' id='word_1_185' title='bbox 1165 2508 1257 2594; x_wconf 87' lang='lat' dir='ltr'>origo</span> <span class='ocrx_word' id='word_1_186' title='bbox 1267 2516 1299 2573; x_wconf 91' lang='lat' dir='ltr'>et</span> <span class='ocrx_word' id='word_1_187' title='bbox 1310 2510 1406 2574; x_wconf 88' lang='lat' dir='ltr'>ratio-</span> 
     </span>
     <span class='ocr_line' id='line_1_21' title="bbox 167 2608 1405 2699; baseline 0.002 -25"><span class='ocrx_word' id='word_1_188' title='bbox 167 2632 223 2675; x_wconf 89' lang='lat' dir='ltr'>nes</span> <span class='ocrx_word' id='word_1_189' title='bbox 244 2611 363 2699; x_wconf 92' lang='lat' dir='ltr'>quibus</span> <span class='ocrx_word' id='word_1_190' title='bbox 384 2612 545 2678; x_wconf 90' lang='lat' dir='ltr'>innititur.</span> <span class='ocrx_word' id='word_1_191' title='bbox 605 2610 774 2677; x_wconf 81' lang='lat' dir='ltr'>Caeterum</span> <span class='ocrx_word' id='word_1_192' title='bbox 795 2608 894 2675; x_wconf 88' lang='lat' dir='ltr'>iudex</span> <span class='ocrx_word' id='word_1_193' title='bbox 915 2633 1039 2697; x_wconf 88' lang='lat' dir='ltr'>semper</span> <span class='ocrx_word' id='word_1_194' title='bbox 1060 2633 1136 2697; x_wconf 90' lang='lat' dir='ltr'>prae</span> <span class='ocrx_word' id='word_1_195' title='bbox 1156 2612 1258 2677; x_wconf 92' lang='lat' dir='ltr'>oculis</span> <span class='ocrx_word' id='word_1_196' title='bbox 1281 2612 1405 2696; x_wconf 86' lang='lat' dir='ltr'>habeat,</span> 
     </span>
     <span class='ocr_line' id='line_1_22' title="bbox 166 2712 1405 2803; baseline 0.002 -24"><span class='ocrx_word' id='word_1_197' title='bbox 166 2713 219 2780; x_wconf 93' lang='lat' dir='ltr'>his</span> <span class='ocrx_word' id='word_1_198' title='bbox 247 2715 486 2803; x_wconf 86' lang='lat' dir='ltr'>quaestionibus</span> <span class='ocrx_word' id='word_1_199' title='bbox 517 2712 708 2800; x_wconf 83' lang='lat' dir='ltr'>dirimendis</span> <span class='ocrx_word' id='word_1_200' title='bbox 739 2714 947 2801; x_wconf 89' lang='lat' dir='ltr'>praecipuum</span> <span class='ocrx_word' id='word_1_201' title='bbox 980 2713 1225 2780; x_wconf 87' lang='lat' dir='ltr'>fundamentum</span> <span class='ocrx_word' id='word_1_202' title='bbox 1256 2717 1405 2803; x_wconf 88' lang='lat' dir='ltr'>praebere</span> 
     </span>
     <span class='ocr_line' id='line_1_23' title="bbox 166 2817 1404 2905; baseline 0.003 -23"><span class='ocrx_word' id='word_1_203' title='bbox 166 2817 357 2884; x_wconf 85' lang='lat' dir='ltr'>documenta</span> <span class='ocrx_word' id='word_1_204' title='bbox 370 2818 564 2902; x_wconf 83' lang='lat' dir='ltr'>authentica,</span> <span class='ocrx_word' id='word_1_205' title='bbox 579 2827 611 2884; x_wconf 89' lang='lat' dir='ltr'>et</span> <span class='ocrx_word' id='word_1_206' title='bbox 630 2841 796 2905; x_wconf 88' lang='lat' dir='ltr'>nunquam</span> <span class='ocrx_word' id='word_1_207' title='bbox 814 2817 908 2882; x_wconf 87' lang='lat' dir='ltr'>licere</span> <span class='ocrx_word' id='word_1_208' title='bbox 924 2826 1034 2883; x_wconf 91' lang='lat' dir='ltr'>contra</span> <span class='ocrx_word' id='word_1_209' title='bbox 1053 2817 1162 2883; x_wconf 88' lang='lat' dir='ltr'>eadem</span> <span class='ocrx_word' id='word_1_210' title='bbox 1177 2818 1327 2905; x_wconf 91' lang='lat' dir='ltr'>iudicare,</span> <span class='ocrx_word' id='word_1_211' title='bbox 1342 2821 1404 2886; x_wconf 91' lang='lat' dir='ltr'>nisi</span> 
     </span>
     <span class='ocr_line' id='line_1_24' title="bbox 166 2921 1405 3008; baseline 0.002 -22"><span class='ocrx_word' id='word_1_212' title='bbox 166 2945 207 2986; x_wconf 85' lang='lat' dir='ltr'>ex</span> <span class='ocrx_word' id='word_1_213' title='bbox 227 2923 322 2988; x_wconf 88' lang='lat' dir='ltr'>certis</span> <span class='ocrx_word' id='word_1_214' title='bbox 341 2932 373 2987; x_wconf 90' lang='lat' dir='ltr'>et</span> <span class='ocrx_word' id='word_1_215' title='bbox 392 2922 594 2988; x_wconf 89' lang='lat' dir='ltr'>evidentibus</span> <span class='ocrx_word' id='word_1_216' title='bbox 616 2922 814 3008; x_wconf 79' lang='lat' dir='ltr'>argumentis</span> <span class='ocrx_word' id='word_1_217' title='bbox 832 2921 1010 2986; x_wconf 90' lang='lat' dir='ltr'>constiterit</span> <span class='ocrx_word' id='word_1_218' title='bbox 1028 2921 1098 3008; x_wconf 88' lang='lat' dir='ltr'>ipsa</span> <span class='ocrx_word' id='word_1_219' title='bbox 1112 2922 1228 2988; x_wconf 85' lang='lat' dir='ltr'>vitiosa</span> <span class='ocrx_word' id='word_1_220' title='bbox 1246 2934 1304 2988; x_wconf 89' lang='lat' dir='ltr'>aut</span> <span class='ocrx_word' id='word_1_221' title='bbox 1324 2923 1405 2990; x_wconf 85' lang='lat' dir='ltr'>salsa</span> 
     </span>
     <span class='ocr_line' id='line_1_25' title="bbox 166 3024 1405 3114; baseline 0.003 -24"><span class='ocrx_word' id='word_1_222' title='bbox 166 3049 241 3092; x_wconf 77' lang='lat' dir='ltr'>osse.</span> <span class='ocrx_word' id='word_1_223' title='bbox 286 3026 337 3091; x_wconf 87' lang='lat' dir='ltr'>Ac</span> <span class='ocrx_word' id='word_1_224' title='bbox 355 3025 490 3113; x_wconf 89' lang='lat' dir='ltr'>proinde</span> <span class='ocrx_word' id='word_1_225' title='bbox 509 3024 652 3091; x_wconf 89' lang='lat' dir='ltr'>locorum</span> <span class='ocrx_word' id='word_1_226' title='bbox 672 3025 839 3090; x_wconf 89' lang='lat' dir='ltr'>Ordinarii</span> <span class='ocrx_word' id='word_1_227' title='bbox 857 3025 969 3091; x_wconf 89' lang='lat' dir='ltr'>sedulo</span> <span class='ocrx_word' id='word_1_228' title='bbox 983 3026 1140 3091; x_wconf 89' lang='lat' dir='ltr'>curabunt</span> <span class='ocrx_word' id='word_1_229' title='bbox 1154 3035 1191 3091; x_wconf 87' lang='lat' dir='ltr'>ut</span> <span class='ocrx_word' id='word_1_230' title='bbox 1209 3025 1285 3090; x_wconf 92' lang='lat' dir='ltr'>libri</span> <span class='ocrx_word' id='word_1_231' title='bbox 1300 3027 1405 3114; x_wconf 85' lang='lat' dir='ltr'>bapti-</span> 
     </span>
     <span class='ocr_line' id='line_1_26' title="bbox 166 3128 1405 3216; baseline 0.004 -22"><span class='ocrx_word' id='word_1_232' title='bbox 166 3139 319 3214; x_wconf 87' lang='lat' dir='ltr'>zatorum,</span> <span class='ocrx_word' id='word_1_233' title='bbox 330 3132 601 3213; x_wconf 89' lang='lat' dir='ltr'>confirmatorum,</span> <span class='ocrx_word' id='word_1_234' title='bbox 612 3140 645 3196; x_wconf 89' lang='lat' dir='ltr'>et</span> <span class='ocrx_word' id='word_1_235' title='bbox 659 3130 863 3194; x_wconf 91' lang='lat' dir='ltr'>matrimonio</span> <span class='ocrx_word' id='word_1_236' title='bbox 877 3128 1109 3216; x_wconf 89' lang='lat' dir='ltr'>copulatorum,</span> <span class='ocrx_word' id='word_1_237' title='bbox 1120 3138 1178 3195; x_wconf 81' lang='lat' dir='ltr'>&#39;nec</span> <span class='ocrx_word' id='word_1_238' title='bbox 1193 3154 1258 3195; x_wconf 91' lang='lat' dir='ltr'>non</span> <span class='ocrx_word' id='word_1_239' title='bbox 1272 3130 1405 3199; x_wconf 85' lang='lat' dir='ltr'>defunc·</span> 
     </span>
     <span class='ocr_line' id='line_1_27' title="bbox 165 3234 1351 3322; baseline 0.003 -23"><span class='ocrx_word' id='word_1_240' title='bbox 165 3242 273 3299; x_wconf 89' lang='lat' dir='ltr'>torum</span> <span class='ocrx_word' id='word_1_241' title='bbox 287 3258 307 3299; x_wconf 91' lang='lat' dir='ltr'>a</span> <span class='ocrx_word' id='word_1_242' title='bbox 320 3235 467 3322; x_wconf 90' lang='lat' dir='ltr'>parochis</span> <span class='ocrx_word' id='word_1_243' title='bbox 482 3234 724 3321; x_wconf 85' lang='lat' dir='ltr'>diligentissime</span> <span class='ocrx_word' id='word_1_244' title='bbox 738 3243 909 3298; x_wconf 87' lang='lat' dir='ltr'>exarentur</span> <span class='ocrx_word' id='word_1_245' title='bbox 923 3242 955 3298; x_wconf 85' lang='lat' dir='ltr'>et</span> <span class='ocrx_word' id='word_1_246' title='bbox 968 3246 1110 3298; x_wconf 87' lang='lat' dir='ltr'>accurate</span> <span class='ocrx_word' id='word_1_247' title='bbox 1124 3234 1351 3303; x_wconf 88' lang='lat' dir='ltr'>custodiantur.</span> 
     </span>
    </p>
   </div>
   <div class='ocr_carea' id='block_1_3' title="bbox 378 3408 1194 3495">
    <p class='ocr_par' dir='ltr' id='par_1_4' title="bbox 378 3408 1194 3495">
     <span class='ocr_line' id='line_1_28' title="bbox 378 3408 1194 3495; baseline -0.001 -21"><span class='ocrx_word' id='word_1_248' title='bbox 378 3409 449 3474; x_wconf 75' lang='lat' dir='ltr'>Art.</span> <span class='ocrx_word' id='word_1_249' title='bbox 466 3408 612 3474; x_wconf 79' lang='lat' dir='ltr'>IL-De</span> <span class='ocrx_word' id='word_1_250' title='bbox 633 3410 841 3495; x_wconf 80' lang='lat' dir='ltr'>impedimento</span> <span class='ocrx_word' id='word_1_251' title='bbox 858 3408 1004 3494; x_wconf 80' lang='lat' dir='ltr'>publicae</span> <span class='ocrx_word' id='word_1_252' title='bbox 1024 3408 1194 3474; x_wconf 79' lang='lat' dir='ltr'>honestatis.</span> 
     </span>
    </p>
   </div>
   <div class='ocr_carea' id='block_1_4' title="bbox 165 3562 1489 4708">
    <p class='ocr_par' dir='ltr' id='par_1_5' title="bbox 165 3562 1489 3961">
     <span class='ocr_line' id='line_1_29' title="bbox 211 3562 1489 3650; baseline -0.003 -21"><span class='ocrx_word' id='word_1_253' title='bbox 211 3564 292 3641; x_wconf 68' lang='lat'>533.</span> <span class='ocrx_word' id='word_1_254' title='bbox 309 3563 444 3645; x_wconf 76' lang='lat' dir='ltr'>Quoties</span> <span class='ocrx_word' id='word_1_255' title='bbox 454 3562 585 3650; x_wconf 90' lang='lat' dir='ltr'>aliquod</span> <span class='ocrx_word' id='word_1_256' title='bbox 600 3563 841 3627; x_wconf 88' lang='lat' dir='ltr'>matrimonium</span> <span class='ocrx_word' id='word_1_257' title='bbox 856 3563 1065 3648; x_wconf 87' lang='lat' dir='ltr'>impugnatur</span> <span class='ocrx_word' id='word_1_258' title='bbox 1075 3563 1117 3626; x_wconf 92' lang='lat' dir='ltr'>ob</span> <span class='ocrx_word' id='word_1_259' title='bbox 1128 3563 1402 3650; x_wconf 86' lang='lat' dir='ltr'>impedimentum,</span> <span class='ocrx_word' id='word_1_260' title='bbox 1487 3620 1489 3625; x_wconf 88' lang='lat'>.</span> 
     </span>
     <span class='ocr_line' id='line_1_30' title="bbox 165 3666 1402 3754; baseline 0.003 -24"><span class='ocrx_word' id='word_1_261' title='bbox 165 3668 252 3754; x_wconf 91' lang='lat' dir='ltr'>quod</span> <span class='ocrx_word' id='word_1_262' title='bbox 274 3668 419 3754; x_wconf 90' lang='lat' dir='ltr'>publicae</span> <span class='ocrx_word' id='word_1_263' title='bbox 437 3667 612 3735; x_wconf 87' lang='lat' dir='ltr'>honestatis</span> <span class='ocrx_word' id='word_1_264' title='bbox 631 3667 825 3747; x_wconf 88' lang='lat' dir='ltr'>nominatur,</span> <span class='ocrx_word' id='word_1_265' title='bbox 845 3667 881 3730; x_wconf 94' lang='lat' dir='ltr'>in</span> <span class='ocrx_word' id='word_1_266' title='bbox 900 3666 1013 3751; x_wconf 88' lang='lat' dir='ltr'>primis</span> <span class='ocrx_word' id='word_1_267' title='bbox 1035 3679 1176 3732; x_wconf 86' lang='lat' dir='ltr'>accurate</span> <span class='ocrx_word' id='word_1_268' title='bbox 1197 3669 1402 3734; x_wconf 90' lang='lat' dir='ltr'>statuendum</span> 
     </span>
     <span class='ocr_line' id='line_1_31' title="bbox 165 3770 1403 3858; baseline 0.002 -24"><span class='ocrx_word' id='word_1_269' title='bbox 165 3772 235 3854; x_wconf 92' lang='lat' dir='ltr'>erit,</span> <span class='ocrx_word' id='word_1_270' title='bbox 251 3781 360 3836; x_wconf 87' lang='lat' dir='ltr'>utrum</span> <span class='ocrx_word' id='word_1_271' title='bbox 376 3771 460 3836; x_wconf 93' lang='lat' dir='ltr'>illud</span> <span class='ocrx_word' id='word_1_272' title='bbox 474 3771 632 3858; x_wconf 85' lang='lat' dir='ltr'>originem</span> <span class='ocrx_word' id='word_1_273' title='bbox 646 3770 776 3834; x_wconf 86' lang='lat' dir='ltr'>duxerit</span> <span class='ocrx_word' id='word_1_274' title='bbox 790 3792 830 3834; x_wconf 87' lang='lat' dir='ltr'>ex</span> <span class='ocrx_word' id='word_1_275' title='bbox 845 3770 1050 3834; x_wconf 90' lang='lat' dir='ltr'>matrimonio</span> <span class='ocrx_word' id='word_1_276' title='bbox 1065 3770 1254 3857; x_wconf 87' lang='lat' dir='ltr'>simpliciter</span> <span class='ocrx_word' id='word_1_277' title='bbox 1267 3783 1345 3856; x_wconf 89' lang='lat' dir='ltr'>rato,</span> <span class='ocrx_word' id='word_1_278' title='bbox 1361 3798 1403 3839; x_wconf 91' lang='lat' dir='ltr'>an</span> 
     </span>
     <span class='ocr_line' id='line_1_32' title="bbox 165 3875 431 3961; baseline -0.004 -19"><span class='ocrx_word' id='word_1_279' title='bbox 165 3897 206 3942; x_wconf 78' lang='lat' dir='ltr'>ex</span> <span class='ocrx_word' id='word_1_280' title='bbox 220 3875 431 3961; x_wconf 90' lang='lat' dir='ltr'>sponsalibus.</span> 
     </span>
    </p>

    <p class='ocr_par' dir='ltr' id='par_1_6' title="bbox 165 3976 1403 4708">
     <span class='ocr_line' id='line_1_33' title="bbox 211 3976 1402 4066; baseline 0.003 -22"><span class='ocrx_word' id='word_1_281' title='bbox 211 3980 254 4044; x_wconf 90' lang='lat' dir='ltr'>In</span> <span class='ocrx_word' id='word_1_282' title='bbox 269 3980 369 4066; x_wconf 88' lang='lat' dir='ltr'>priori</span> <span class='ocrx_word' id='word_1_283' title='bbox 384 4002 458 4045; x_wconf 79' lang='lat' dir='ltr'>(asu</span> <span class='ocrx_word' id='word_1_284' title='bbox 480 3978 521 4043; x_wconf 87' lang='lat' dir='ltr'>ad</span> <span class='ocrx_word' id='word_1_285' title='bbox 545 3978 808 4064; x_wconf 88' lang='lat' dir='ltr'>impedimentum</span> <span class='ocrx_word' id='word_1_286' title='bbox 830 3976 1058 4042; x_wconf 89' lang='lat' dir='ltr'>adstruendum</span> <span class='ocrx_word' id='word_1_287' title='bbox 1082 3980 1286 4064; x_wconf 83' lang='lat' dir='ltr'>proferantur</span> <span class='ocrx_word' id='word_1_288' title='bbox 1304 3980 1402 4047; x_wconf 92' lang='lat' dir='ltr'>docu-</span> 
     </span>
     <span class='ocr_line' id='line_1_34' title="bbox 166 4080 1402 4172; baseline 0.002 -24"><span class='ocrx_word' id='word_1_289' title='bbox 166 4094 273 4149; x_wconf 86' lang='lat' dir='ltr'>menta</span> <span class='ocrx_word' id='word_1_290' title='bbox 302 4083 498 4148; x_wconf 89' lang='lat' dir='ltr'>matrimonii</span> <span class='ocrx_word' id='word_1_291' title='bbox 527 4083 740 4170; x_wconf 82' lang='lat' dir='ltr'>praecedentis</span> <span class='ocrx_word' id='word_1_292' title='bbox 775 4080 1017 4146; x_wconf 86' lang='lat' dir='ltr'>celebrationem</span> <span class='ocrx_word' id='word_1_293' title='bbox 1047 4084 1295 4169; x_wconf 87' lang='lat' dir='ltr'>comprobantia,</span> <span class='ocrx_word' id='word_1_294' title='bbox 1321 4109 1402 4172; x_wconf 91' lang='lat' dir='ltr'>quae</span> 
     </span>
     <span class='ocr_line' id='line_1_35' title="bbox 165 4184 1401 4276; baseline 0.002 -24"><span class='ocrx_word' id='word_1_295' title='bbox 165 4187 355 4253; x_wconf 90' lang='lat' dir='ltr'>documenta</span> <span class='ocrx_word' id='word_1_296' title='bbox 376 4188 469 4251; x_wconf 85' lang='lat' dir='ltr'>facile</span> <span class='ocrx_word' id='word_1_297' title='bbox 490 4186 740 4272; x_wconf 89' lang='lat' dir='ltr'>suppeditabunt</span> <span class='ocrx_word' id='word_1_298' title='bbox 753 4184 807 4252; x_wconf 85' lang='lat' dir='ltr'>vel</span> <span class='ocrx_word' id='word_1_299' title='bbox 830 4184 906 4249; x_wconf 89' lang='lat' dir='ltr'>libri</span> <span class='ocrx_word' id='word_1_300' title='bbox 923 4185 1202 4251; x_wconf 90' lang='lat' dir='ltr'>matrimoniorum</span> <span class='ocrx_word' id='word_1_301' title='bbox 1223 4210 1244 4253; x_wconf 93' lang='lat' dir='ltr'>a</span> <span class='ocrx_word' id='word_1_302' title='bbox 1264 4189 1401 4276; x_wconf 89' lang='lat' dir='ltr'>parocho</span> 
     </span>
     <span class='ocr_line' id='line_1_36' title="bbox 166 4288 1401 4375; baseline 0.001 -18"><span class='ocrx_word' id='word_1_303' title='bbox 166 4290 325 4375; x_wconf 88' lang='lat' dir='ltr'>servandi,</span> <span class='ocrx_word' id='word_1_304' title='bbox 350 4289 378 4356; x_wconf 91' lang='lat' dir='ltr'>si</span> <span class='ocrx_word' id='word_1_305' title='bbox 409 4290 650 4355; x_wconf 88' lang='lat' dir='ltr'>matrimonium</span> <span class='ocrx_word' id='word_1_306' title='bbox 681 4312 788 4354; x_wconf 90' lang='lat' dir='ltr'>coram</span> <span class='ocrx_word' id='word_1_307' title='bbox 816 4288 963 4353; x_wconf 80' lang='lat' dir='ltr'>&#39;Ecclesia</span> <span class='ocrx_word' id='word_1_308' title='bbox 992 4289 1091 4354; x_wconf 86' lang='lat' dir='ltr'>fuerit</span> <span class='ocrx_word' id='word_1_309' title='bbox 1118 4291 1323 4375; x_wconf 88' lang='lat' dir='ltr'>celebratum,</span> <span class='ocrx_word' id='word_1_310' title='bbox 1347 4293 1401 4359; x_wconf 86' lang='lat' dir='ltr'>vel</span> 
     </span>
     <span class='ocr_line' id='line_1_37' title="bbox 166 4391 1402 4482; baseline 0 -22"><span class='ocrx_word' id='word_1_311' title='bbox 166 4405 287 4482; x_wconf 81' lang='lat' dir='ltr'>regesta</span> <span class='ocrx_word' id='word_1_312' title='bbox 315 4395 484 4459; x_wconf 86' lang='lat' dir='ltr'>existentia</span> <span class='ocrx_word' id='word_1_313' title='bbox 511 4416 608 4480; x_wconf 88' lang='lat' dir='ltr'>penes</span> <span class='ocrx_word' id='word_1_314' title='bbox 636 4393 800 4458; x_wconf 89' lang='lat' dir='ltr'>ministros</span> <span class='ocrx_word' id='word_1_315' title='bbox 828 4391 1009 4475; x_wconf 90' lang='lat' dir='ltr'>haereticos,</span> <span class='ocrx_word' id='word_1_316' title='bbox 1036 4393 1063 4457; x_wconf 91' lang='lat' dir='ltr'>si</span> <span class='ocrx_word' id='word_1_317' title='bbox 1092 4394 1180 4480; x_wconf 88' lang='lat' dir='ltr'>apud</span> <span class='ocrx_word' id='word_1_318' title='bbox 1208 4417 1261 4460; x_wconf 90' lang='lat' dir='ltr'>eos</span> <span class='ocrx_word' id='word_1_319' title='bbox 1290 4397 1402 4462; x_wconf 89' lang='lat' dir='ltr'>matri-</span> 
     </span>
     <span class='ocr_line' id='line_1_38' title="bbox 166 4495 1402 4576; baseline 0.002 -12"><span class='ocrx_word' id='word_1_320' title='bbox 166 4500 313 4564; x_wconf 90' lang='lat' dir='ltr'>monium</span> <span class='ocrx_word' id='word_1_321' title='bbox 338 4506 535 4563; x_wconf 90' lang='lat' dir='ltr'>oontractnm</span> <span class='ocrx_word' id='word_1_322' title='bbox 563 4496 749 4562; x_wconf 87' lang='lat' dir='ltr'>affirmetur.</span> <span class='ocrx_word' id='word_1_323' title='bbox 808 4497 969 4576; x_wconf 76' lang='lat' dir='ltr'>Quamvis</span> <span class='ocrx_word' id='word_1_324' title='bbox 998 4495 1188 4563; x_wconf 91' lang='lat' dir='ltr'>documenta</span> <span class='ocrx_word' id='word_1_325' title='bbox 1210 4499 1263 4565; x_wconf 89' lang='lat' dir='ltr'>vel</span> <span class='ocrx_word' id='word_1_326' title='bbox 1289 4523 1309 4565; x_wconf 90' lang='lat' dir='ltr'>a</span> <span class='ocrx_word' id='word_1_327' title='bbox 1333 4500 1402 4567; x_wconf 89' lang='lat' dir='ltr'>sola</span> 
     </span>
     <span class='ocr_line' id='line_1_39' title="bbox 165 4600 1403 4708; baseline 0.002 -39"><span class='ocrx_word' id='word_1_328' title='bbox 165 4603 255 4708; x_wconf 67' lang='lat' dir='ltr'>civili</span> <span class='ocrx_word' id='word_1_329' title='bbox 277 4611 440 4690; x_wconf 82' lang='lat' dir='ltr'>potestate,</span> <span class='ocrx_word' id='word_1_330' title='bbox 458 4601 511 4668; x_wconf 90' lang='lat' dir='ltr'>vel</span> <span class='ocrx_word' id='word_1_331' title='bbox 533 4600 575 4666; x_wconf 94' lang='lat' dir='ltr'>ab</span> <span class='ocrx_word' id='word_1_332' title='bbox 596 4601 760 4666; x_wconf 88' lang='lat' dir='ltr'>haereticis</span> <span class='ocrx_word' id='word_1_333' title='bbox 779 4601 955 4688; x_wconf 87' lang='lat' dir='ltr'>manantia,</span> <span class='ocrx_word' id='word_1_334' title='bbox 971 4601 1040 4666; x_wconf 89' lang='lat' dir='ltr'>vim</span> <span class='ocrx_word' id='word_1_335' title='bbox 1063 4602 1178 4667; x_wconf 89' lang='lat' dir='ltr'>habere</span> <span class='ocrx_word' id='word_1_336' title='bbox 1199 4605 1322 4689; x_wconf 88' lang='lat' dir='ltr'>possint</span> <span class='ocrx_word' id='word_1_337' title='bbox 1342 4605 1403 4671; x_wconf 90' lang='lat' dir='ltr'>ali-</span> 
     </span>
    </p>
   </div>
   <div class='ocr_carea' id='block_1_5' title="bbox 0 0 1576 5242">
    <p class='ocr_par' dir='ltr' id='par_1_7' title="bbox 0 0 1576 5242">
     <span class='ocr_line' id='line_1_40' title="bbox 0 0 1576 5242; baseline 0 3"><span class='ocrx_word' id='word_1_338' title='bbox 0 0 1576 5242; x_wconf 95' lang='lat' dir='ltr'> </span> 
     </span>
    </p>
   </div>
  </div>
 </body>
</html>
