3142 5242
550 489 605 535 nn
634 489 764 536 encra
793 489 1037 537 nassonnu.
1344 472 1408 537 285

176 643 247 728 erit,
261 644 290 709 si
311 667 352 710 ex
374 644 414 709 iis
434 645 587 711 conflatae
608 644 728 711 fuerint
749 645 919 728 societates,
935 668 1016 732 quae
1030 668 1050 710 a
1063 645 1253 711 Beatissima
1266 643 1408 733 Virgine

174 746 281 814 aliove
293 748 421 813 coelesti
435 749 576 815 Patrono
593 772 709 814 nomen
730 751 934 837 sumpserint.
980 748 1023 815 In
1037 749 1089 815 hie
1102 750 1242 816 coetibus
1255 748 1358 815 veluti
1372 749 1408 814 in

175 850 350 937 palaestris,
364 851 392 916 si
414 853 599 939 praesertim
620 853 661 918 iis
682 854 906 940 praeficiantur
924 852 1100 919 sacerdotes
1113 852 1250 940 laicique
1263 853 1408 918 homines

174 953 329 1040 sapientia
356 965 390 1021 et
417 956 605 1021 dexteritate
633 965 837 1044 praestantes,
859 957 1072 1024 adolescentes
1099 958 1245 1022 animum
1280 965 1408 1023 sument

173 1058 350 1124 vimutibus
378 1059 528 1144 colendis,
553 1069 586 1126 et
613 1060 762 1148 religioni
789 1071 899 1148 aperto
928 1083 992 1143 ore,
1017 1060 1206 1146 contemptis
1233 1060 1407 1146 impiomm

174 1161 386 1246 irrisionibus,
414 1163 620 1251 profitendae,
648 1164 810 1252 simulque
840 1173 1018 1230 assuescent
1045 1164 1173 1230 horrere
1200 1162 1360 1251 quidquid
1387 1186 1408 1229 a

172 1264 328 1331 catholica
340 1268 474 1334 veritate
487 1276 520 1334 et
532 1269 699 1334 sanctitate
711 1268 853 1334 alienum
867 1269 919 1343 sit,

218 1371 270 1436 7⁰.
300 1369 445 1437 Perutile
464 1372 561 1437 etiam
582 1380 641 1456 est,
658 1372 737 1438 hinc
751 1379 870 1460 patrae,
884 1372 977 1439 illinc
995 1373 1245 1458 matrefamilcba
1265 1373 1406 1445 fraterno

172 1472 298 1539 foedere
318 1476 510 1561 coniungere
523 1498 597 1541 eum
612 1477 647 1541 in
662 1476 769 1560 linem,
783 1485 822 1541 ut
835 1476 961 1542 viribus
974 1477 1076 1542 unitis
1095 1487 1239 1542 aeternae
1259 1477 1407 1565 propriae

171 1577 290 1642 sobolis
310 1578 408 1644 saluti
428 1588 592 1666 rectaeque
607 1578 809 1646 'institutioni
829 1581 937 1666 aptius
957 1580 1093 1664 studere,
1108 1589 1141 1646 et
1161 1579 1317 1646 efficacius
1330 1604 1406 1646 con-

171 1680 275 1746 sulere
284 1683 417 1768 possint.
463 1682 579 1747 Plures
590 1683 688 1748 huius
698 1684 823 1770 generis
832 1683 1077 1749 consociationea
1087 1683 1151 1748 huc
1165 1683 1245 1749 illue
1258 1683 1406 1750 inductae

170 1794 257 1868 sunt,
279 1786 349 1851 sive
375 1784 417 1851 de
441 1786 523 1852 viris
546 1787 616 1853 sive
640 1785 682 1852 de
706 1787 836 1851 feminis
859 1795 984 1873 agatur,
1007 1809 1089 1874 quae
1113 1787 1247 1854 Coclitis
1271 1787 1406 1853 alicuius

170 1888 289 1954 tutelae
310 1912 376 1954 sese
397 1891 632 1974 commisenmt,
647 1898 679 1955 et
700 1890 888 1956 laetissimos
908 1890 1074 1978 religionis
1090 1914 1127 1956 ac
1141 1890 1269 1978 pietatis
1284 1890 1406 1956 fructus

170 1992 280 2059 edunt.
928 2069 930 2072 Α

215 2099 267 2165 8⁰.
296 2098 348 2165 De
377 2098 545 2186 artijicibus
580 2107 687 2164 autem
716 2109 748 2165 et
776 2100 937 2186 murita,
967 2100 1051 2165 inter
1086 2123 1167 2188 quos
1202 2101 1406 2188 potissimum

169 2199 311 2268 delectus
332 2203 443 2269 haberi
464 2203 545 2269 solet
565 2203 607 2268 ab
628 2203 680 2284 iis,
701 2203 819 2291 quibus
840 2202 894 2270 vel
917 2204 987 2290 ipsa
1007 2203 1172 2291 religionis
1193 2213 1226 2270 et
1250 2205 1406 2270 societatis

169 2305 378 2372 fundamenta
399 2307 577 2373 convellere
593 2308 794 2394 propositum
809 2316 865 2390 est,
881 2316 1004 2392 ponant
1016 2308 1080 2373 sibi
1093 2316 1168 2374 ante
1181 2308 1290 2373 oculos
1303 2330 1407 2373 sacro-

170 2432 242 2475 rum
257 2409 430 2476 Antistites
443 2411 547 2497 prisca
560 2409 618 2476 illa
631 2410 766 2496 collegia
780 2408 919 2493 fabrum,
934 2410 988 2477 vel
1007 2411 1168 2476 artificum
1184 2412 1406 2477 universitates

168 2523 227 2580 aut
239 2513 432 2596 sodalitates,
444 2536 526 2601 quae
539 2513 660 2579 adscito
673 2513 736 2578 sibi
750 2513 877 2579 coelesti
888 2514 1029 2579 Patrono
1044 2515 1196 2607 anteactis
1208 2516 1405 2602 temporibus

168 2617 330 2705 praeclaro
350 2617 484 2683 fuerunt
504 2617 689 2684 civitatibus
710 2625 906 2700 ornamento,
921 2627 954 2683 et
967 2618 1091 2684 artibus
1111 2619 1182 2682 sive
1202 2618 1405 2705 politioribus

167 2721 238 2787 sive
266 2721 495 2787 humilioribus
524 2721 727 2787 incremento.
772 2720 847 2786 Hos
874 2720 1019 2809 aliosque
1046 2732 1154 2787 coetus
1182 2745 1224 2788 ex
1246 2722 1287 2787 iis
1308 2723 1405 2787 etiam

168 2823 356 2891 hominibus
375 2825 434 2912 qui
456 2834 649 2890 mercaturae
670 2825 806 2911 negotiis
820 2824 873 2890 vel
889 2824 1133 2890 humanioribus
1146 2825 1326 2912 disciplinis
1340 2849 1405 2891 esse

168 2926 369 3011 dediderrmt,
384 2928 499 2994 iterum
523 2927 718 3011 excitabunt,
734 2928 768 2993 in
783 2950 864 3016 quos
878 2928 935 3014 qui
950 2929 1108 2994 coiverint
1120 2929 1287 3015 religionis
1300 2928 1406 2995 officia

167 3031 279 3098 sedulo
289 3031 504 3097 edocebuntur
514 3040 546 3097 et
556 3031 702 3114 obibunt,
714 3040 746 3096 et
759 3053 825 3096 una
838 3031 935 3096 simul
947 3031 1143 3097 inhumanis
1157 3033 1403 3117 necessitatibus,

168 3159 248 3222 quas
269 3134 352 3200 ferre
372 3143 430 3200 aut
449 3135 591 3221 corporis
619 3134 786 3221 aegritudo
806 3143 864 3200 aut
884 3135 1009 3200 scnium
1033 3144 1091 3200 aut
1114 3146 1286 3222 paupertas
1312 3136 1404 3221 solet,

168 3248 282 3304 mutuo
302 3239 365 3305 sibi
387 3240 453 3304 sint
476 3238 609 3304 auxilio.
655 3237 724 3318 Qui
745 3238 797 3303 his
818 3238 959 3303 coetibus
987 3248 1149 3325 praesunt,
1172 3239 1284 3305 scdulo
1311 3239 1404 3314 advi-

167 3343 326 3430 gilabant,
348 3352 386 3409 ut
406 3342 482 3408 socii
504 3364 631 3406 morum
657 3341 825 3428 probitate,
847 3364 980 3428 operum
1001 3342 1122 3408 affabre
1150 3341 1404 3430 effingendorum

167 3446 291 3533 peritia,
314 3446 460 3512 laborum
482 3444 686 3511 ferendorum
707 3444 869 3511 docilitate
889 3454 923 3510 et
942 3444 1128 3511 assiduitate
1148 3447 1290 3512 maxime
1317 3471 1405 3512 com·

167 3550 367 3632 mendentur,
382 3573 447 3637 quo
468 3548 605 3632 facilius,
627 3572 709 3636 quae
729 3547 771 3613 ad
793 3549 894 3615 vitam
916 3558 993 3614 suut
1011 3543 1195 3632 neccssaria,
1210 3550 1271 3615 sibi
1293 3574 1404 3637 parare

166 3663 294 3741 queant.
340 3654 410 3720 Nec
437 3653 657 3719 detrectabunt
678 3651 776 3717 iidem
797 3651 968 3717 Antistites
990 3652 1174 3717 huiusmodi
1203 3655 1404 3720 societatibus

166 3757 353 3844 advigilare,
365 3757 449 3844 leges
463 3779 638 3843 proponere
651 3764 708 3821 aut
721 3755 906 3842 adprobare,
917 3757 1054 3842 gratiam
1069 3755 1210 3821 divitum
1225 3756 1402 3841 conciliare,

166 3862 342 3949 patrocinio
356 3884 414 3926 suo
428 3884 480 3926 eas
493 3859 653 3948 prosequi,
668 3882 728 3945 ope
742 3860 861 3925 iuvare.

210 3967 263 4031 9⁰.
286 3966 400 4052 Neque
414 3965 605 4052 peculiarem
619 3986 729 4029 eorum
743 3986 852 4028 euram
867 3964 970 4050 fugiet
989 3964 1147 4030 mirabilis
1161 3964 1219 4030 illa
1235 3973 1403 4053 praearmat

165 4093 292 4156 operam
304 4071 439 4151 accidere,
454 4091 535 4155 quae
555 4067 720 4133 nonnullis
742 4067 777 4131 in
800 4066 877 4132 locis
899 4076 982 4149 nata,
998 4068 1032 4131 in
1046 4067 1119 4133 aliis
1140 4069 1205 4133 iam
1226 4068 1402 4134 adolescere

165 4174 277 4260 coepit.
323 4172 511 4239 Curandum
530 4193 656 4237 summo
675 4170 781 4235 studio
800 4181 856 4253 est,
872 4170 958 4235 utin
974 4170 1055 4235 hanc
1074 4171 1296 4236 adscribantur
1308 4182 1402 4259 quot-

165 4287 245 4365 quot
272 4286 356 4342 recte
384 4276 425 4342 de
452 4276 606 4362 religione
633 4275 785 4340 sentiunt.
841 4274 929 4339 Nam
957 4298 1031 4339 cum
1060 4274 1090 4339 ei
1119 4277 1320 4361 propositum
1348 4277 1401 4358 sit,

165 4381 306 4468 generali
327 4381 466 4468 quadam
487 4380 668 4444 animorum
689 4377 892 4443 consensione
918 4377 952 4441 in
975 4379 1125 4443 universa
1146 4401 1210 4464 qua
1231 4377 1295 4444 late
1315 4390 1402 4466 patet

165 4485 321 4550 catholica
342 4484 493 4564 Ecclesia,
509 4481 672 4566 religionis
693 4504 729 4546 ac
750 4482 877 4566 pietatis
899 4504 995 4567 opera
1016 4480 1123 4546 fovere
1144 4491 1176 4546 et
1196 4482 1400 4568 amplificare,

165 4588 358 4674 divinaeque
377 4584 590 4672 indignationi
609 4584 782 4670 placandae
800 4583 926 4648 assidue
943 4584 1081 4668 studere,
1099 4583 1192 4649 facile
1211 4584 1403 4672 intelligitur
