3142 5242
523 496 577 543 ur:
607 497 722 542 nono
750 496 1046 544 rnocanauor.
1335 481 1397 543 177

214 651 301 729 309.
335 651 376 726 Si
395 652 558 728 ulterius
582 654 790 754 procedere
807 653 932 747 debet,
950 659 990 728 et
1006 659 1148 727 natura
1165 677 1209 728 ac
1225 651 1398 751 gravitas

166 766 309 842 abusus
325 767 389 842 vel
415 769 546 845 delicti
570 770 621 846 de
636 794 712 869 quo
729 768 943 868 inquiritur
958 767 1063 863 sinit,
1081 793 1160 844 non
1185 768 1319 844 statim
1348 770 1404 844 ad

165 908 388 982 processum
415 884 643 982 judicialem
667 891 852 979 transeat,
877 886 948 961 sed
973 887 1088 960 modo
1115 884 1398 985 extrajudiciali

166 999 295 1075 media
311 999 495 1076 adhibeat
508 1000 774 1102 praeventiva,
790 1027 892 1101 quae
908 1000 1114 1100 praecipue
1139 1007 1252 1076 sunt:
1280 1001 1398 1076 Exer-

165 1115 257 1191 citia
289 1116 528 1216 Spiritualia,
556 1117 794 1194 Monitiones
827 1124 868 1193 et
902 1116 1169 1216 Praeceptum.
1236 1119 1286 1216 (a.
1322 1119 1395 1216 1v.)

216 1232 369 1308 Secreto
392 1231 516 1332 igitur
539 1232 769 1333 inquisitum
795 1235 846 1309 ad
872 1259 915 1310 se
937 1241 1124 1327 areessat;
1150 1258 1249 1333 quae
1266 1242 1401 1309 eontra

165 1374 255 1423 eum
281 1356 435 1426 exstant
458 1349 719 1426 accusationes
735 1349 813 1448 ipsi
830 1352 988 1449 pandat,
1007 1349 1101 1449 quin
1125 1357 1258 1426 tamen
1283 1348 1399 1448 origi-

166 1489 256 1539 nem
281 1466 444 1542 notitiae
469 1473 510 1543 et
534 1469 769 1566 deponentes
803 1468 930 1542 eidem
966 1474 1078 1540 notos
1111 1465 1249 1560 faciat3
1284 1467 1399 1541 modo

165 1591 352 1680 paternae
374 1582 628 1681 correptionis
654 1581 1103 1682 (Matt.xt⁷111.,15·17.)
1124 1607 1214 1656 eum
1233 1588 1400 1674 moneat,

166 1704 211 1773 ut
227 1699 278 1774 ad
294 1724 431 1775 sensus
448 1699 629 1775 meliores
644 1702 791 1777 redeat.

216 1814 258 1890 Si
287 1841 380 1892 vero
409 1842 499 1892 eum
529 1841 722 1893 arcessere
751 1816 861 1912 nolit,
890 1839 963 1917 per
996 1815 1202 1916 epistolam
1233 1816 1296 1892 vel
1331 1839 1402 1915 per

165 1929 437 2030 interpositam
462 1927 670 2033 personam
696 1932 929 2009 monitiones
946 1939 1129 2031 paternas
1154 1932 1231 2032 ipsi
1258 1931 1400 2024 mittat,

166 2045 252 2125 sino
268 2048 351 2124 ulla
366 2056 499 2125 tamen
514 2049 815 2125 comminatione
832 2075 990 2149 poenae.
1047 2050 1097 2142 (a.
1115 2051 1189 2150 vr.)

217 2164 259 2239 Si
284 2163 494 2264 inquisitus
519 2168 674 2241 accedat
691 2174 731 2241 et
747 2167 798 2242 ad
815 2165 1098 2242 accusationem
1124 2167 1402 2242 destruendam

166 2281 400 2382 pervenerit,
416 2281 480 2356 vel
498 2282 616 2357 etiam
634 2281 668 2357 si
686 2284 735 2358 ab
752 2282 905 2381 incepto
930 2281 1116 2358 desistere
1142 2281 1347 2382 promittat
1364 2289 1403 2356 et

168 2398 316 2473 malum
342 2422 535 2496 reparare,
554 2423 598 2473 ac
622 2424 759 2497 reapse
783 2405 937 2497 satagat
961 2405 1006 2474 ut
1030 2397 1223 2497 promissa
1240 2423 1401 2497 exequa-

166 2519 243 2606 tur,
270 2513 369 2589 nihil
400 2515 514 2608 ultro
533 2522 592 2590 est
626 2517 831 2614 agendum.
883 2516 940 2590 At
970 2514 1003 2590 si
1034 2540 1112 2589 non
1147 2516 1312 2606 accedat,
1339 2514 1402 2590 vel

168 2630 282 2705 aliter
298 2630 531 2705 monitiones
548 2638 730 2731 paternas
747 2638 917 2730 spernat,
935 2630 1152 2731 Episcopus
1170 2629 1403 2706 monitiones

167 2746 370 2822 canonicas
396 2746 606 2842 adhibebit,
624 2756 779 2822 servata
803 2747 962 2822 omnino
985 2749 1112 2823 forma
1129 2744 1256 2846 legali.
1309 2748 1403 2822 Tres

168 2865 454 2957 numerofiant,
468 2890 536 2940 sex
552 2864 704 2939 dicrum
721 2863 847 2963 spatio
865 2865 1089 2962 explendae,
1108 2863 1180 2939 hoc
1197 2871 1265 2956 est,
1283 2864 1402 2939 biduo

168 2979 271 3054 inter
288 3005 407 3056 unam
425 2988 465 3055 et
481 2981 644 3055 alteram
667 2979 939 3073 intercedente,
958 2985 997 3055 et
1014 2981 1129 3054 modo
1149 2986 1169 3022 “
1183 2986 1227 3054 ut
1243 2978 1403 3054 illarum

168 3095 341 3172 executio
359 3122 406 3172 ex
423 3096 553 3197 aliquo
571 3105 658 3172 actu
675 3095 843 3196 pateat.’'
899 3098 948 3188 (a.
967 3103 1040 3195 vl.)

219 3213 366 3302 “Quod
400 3212 434 3289 si
468 3213 700 3288 monitiones
734 3212 777 3288 in
810 3212 967 3290 irritum
996 3215 1145 3306 cedant,
1173 3210 1404 3288 Ordinarius

163 3329 278 3429 jubet
314 3355 385 3430 per
426 3329 573 3405 curiam
618 3328 859 3429 delinquenti
900 3329 1110 3428 analogum
1154 3336 1403 3428 praeceptum

168 3446 355 3540 intimari,
383 3446 438 3521 ita
464 3445 574 3521 utin
600 3447 672 3520 hoc
697 3446 920 3544 explicetur,
946 3446 1050 3543 quod
1076 3444 1160 3543 ipse
1186 3445 1249 3519 vel
1280 3446 1404 3519 facere

168 3562 232 3637 vel
250 3562 376 3638 vitare
393 3563 542 3653 debeat,
561 3562 694 3637 addita
711 3560 947 3660 respectivae
964 3586 1110 3660 poenae
1128 3560 1404 3636 ecclesiasticae

169 3679 481 3772 comminatione,
529 3704 646 3778 quam
698 3677 731 3752 si
783 3684 1031 3776 praeceptum
1082 3677 1403 3775 transgrediatur,

169 3795 377 3870 incurret.”
434 3798 481 3894 (a.
501 3800 593 3892 vn.)
644 3797 768 3870 Actus
785 3793 1250 3892 injunctionispraecepti
1276 3793 1403 3891 signa·

170 3920 284 3986 tura
310 3911 486 4010 partibus
513 3911 791 4010 praesentibus,
819 3918 858 3984 ct
888 3936 910 3984 a
941 3911 1188 4008 delinquente
1214 3910 1343 4001 etiam,
1371 3908 1404 3983 si

170 4027 276 4102 velit.
321 4027 500 4103 Vicarius
517 4027 709 4126 generalis
727 4027 1006 4125 jusjurandum
1025 4026 1187 4100 testibus
1205 4026 1405 4123 imponere

171 4152 300 4242 potest
325 4147 373 4219 de
399 4152 543 4219 secreto
562 4144 764 4236 servande,
783 4141 815 4217 si
842 4144 1055 4242 prudenter
1072 4169 1096 4216 a
1113 4141 1169 4216 rei
1187 4149 1337 4235 natura,
1357 4143 1405 4216 de

172 4286 249 4361 qua
274 4261 415 4360 agitur,
441 4261 484 4336 id
508 4260 739 4363 requiratur.
795 4260 845 4358 (a.
864 4264 974 4353 vm.)

222 4378 336 4468 Quod
370 4377 404 4453 si
435 4384 633 4452 accusatus
667 4402 715 4451 ne
746 4383 996 4474 praeceptum
1027 4375 1185 4474 quidem
1216 4375 1405 4468 observet,

170 4495 306 4569 relicta
332 4493 397 4569 via
422 4490 714 4592 extrajudiciali,
737 4493 821 4591 jam
848 4494 898 4567 ad
928 4516 1151 4589 processum
1176 4490 1406 4590 judicialem

172 4608 457 4686 deveniendum
483 4617 553 4685 est.
