3142 5242
168 435 231 497 106
290 448 476 496 rrrunus
501 448 675 496 v1.-1›1·:
703 448 976 498 unvaururrs
1005 450 1335 502 1usr1rur10uu.

165 604 337 681 tionibus
363 630 451 681 cum
477 605 662 680 fratribus
679 604 841 682 consilia
866 607 1074 685 conferant.
1126 608 1286 685 Scholas
1311 633 1401 685 suas

166 723 267 799 sicut
288 721 460 823 pupillas
484 721 684 798 oculorum
707 745 868 799 suorum
885 723 1064 823 diligant,
1080 749 1147 802 eas
1168 726 1398 824 frequenter,

166 863 480 939 unamquamque
514 845 666 936 partem
696 863 831 914 earum
861 841 985 915 semel
1017 841 1157 918 saltem
1186 841 1228 917 in
1258 841 1401 917 hebdo·

166 958 281 1031 made
306 954 482 1030 invisant
508 960 547 1029 et
572 953 793 1053 inspiciant,
820 979 1032 1054 puerorum
1059 958 1234 1033 moribus
1260 957 1400 1057 invigi-

165 1071 258 1161 lent,
270 1072 396 1147 zelum
407 1096 542 1146 eorum
554 1069 735 1169 congruis
748 1071 889 1147 mediis
899 1071 1112 1166 stimulent,
1124 1073 1401 1150 catechismum

165 1196 204 1263 et
228 1187 433 1264 historiam
459 1212 609 1263 sacram
634 1186 712 1286 ipsi
736 1213 808 1287 per
830 1213 872 1264 se
897 1190 1070 1284 doceant,
1088 1196 1158 1266 aut
1182 1198 1286 1266 certe
1310 1196 1404 1267 uta

164 1303 363 1403 magistris
389 1303 587 1380 sodalibus
612 1303 955 1404 congregationum
978 1305 1055 1381 rite
1077 1308 1271 1400 doceatur,
1289 1306 1402 1382 effici·

165 1429 253 1515 ant;
297 1421 433 1497 ceteris
467 1418 608 1496 studiis
642 1428 772 1496 autem
816 1428 984 1497 attentos
1018 1423 1148 1498 oculos
1181 1425 1402 1517 advertant,

164 1536 514 1613 examinationibus
544 1536 710 1636 publicis
740 1536 861 1612 semel
890 1537 955 1613 vel
985 1538 1104 1615 etiam
1133 1538 1194 1615 bis
1225 1539 1267 1614 in
1298 1564 1402 1616 anno

164 1654 315 1731 scholas
341 1679 431 1729 suas
458 1653 618 1728 notitiae
644 1652 819 1729 fidelium
844 1653 1054 1753 subjiciant
1079 1681 1123 1731 ac
1148 1655 1274 1732 favori
1300 1681 1403 1732 com·

163 1774 359 1847 mandent.
396 1769 565 1869 Operam
579 1771 673 1845 dent
690 1776 735 1845 ut
750 1769 792 1845 in
810 1770 952 1846 scholis
970 1771 1231 1848 adhibeantur
1247 1797 1405 1872 semper

164 1886 255 1963 libri
270 1914 294 1963 a
307 1885 516 1962 Catholicis
532 1884 787 1986 scriptoribus
803 1886 1035 1963 concinnati.
1072 1887 1225 1964 Sanctis
1243 1889 1403 1965 motivis

164 2003 269 2080 ducti
285 2003 380 2078 haec
397 2002 530 2078 omnia
545 2009 692 2095 curent,
710 2000 871 2101 iusuper
887 2003 1050 2080 scientes
1077 2030 1154 2080 non
1176 2005 1272 2099 fore,
1290 2012 1336 2081 ut
1351 2006 1404 2081 ad

162 2128 398 2196 rectoratum
415 2118 709 2193 inamovibilem
723 2118 785 2194 vel
799 2119 909 2195 aliud
926 2145 1069 2196 munus
1082 2130 1403 2219 promoveantur,

163 2235 197 2312 si
214 2242 345 2335 partes
362 2260 453 2310 suas
470 2259 562 2335 ergo
580 2234 732 2310 scholas
749 2235 966 2334 adimplere
983 2237 1239 2335 neglexerint.

212 2354 297 2429 202.
334 2352 401 2427 Ad
425 2351 543 2426 laicos
569 2352 673 2450 quod
699 2351 849 2445 attinet,
871 2351 1078 2428 hortamur
1102 2360 1142 2429 et
1167 2355 1406 2431 mandamus

163 2476 208 2545 ut
232 2469 392 2544 illorum
418 2474 568 2542 mentes
594 2473 634 2542 et
658 2468 708 2541 ab
734 2466 929 2567 Episcopo
954 2475 995 2544 et
1014 2494 1038 2544 a
1055 2470 1321 2546 sacerdotibus
1344 2470 1405 2548 ita

163 2585 418 2677 instruantur,
437 2590 481 2659 ut
497 2583 670 2658 scholam
687 2583 951 2683 parochialem
968 2583 1081 2684 quasi
1101 2592 1255 2685 partem
1271 2611 1403 2663 essen·

162 2701 296 2776 tialem
326 2699 532 2799 parochiae
561 2699 704 2774 habere
733 2708 965 2794 assuescant,
996 2701 1079 2775 siue
1110 2726 1188 2800 qua
1216 2702 1281 2777 vel
1316 2703 1407 2802 ipsa

163 2816 367 2916 parochiae
391 2816 433 2890 in
455 2815 587 2890 futuro
610 2813 817 2890 existentia
832 2816 1084 2915 periclitetur.
1138 2817 1262 2893 Plane
1277 2818 1405 2917 igitur

164 2940 203 3008 et
224 2934 348 3007 solide
368 2934 578 3007 doceantur
595 2930 767 3006 scholam
792 2930 956 3007 minime
977 2958 1062 3009 esse
1085 2958 1183 3032 opus
1200 2937 1404 3033 quoddam

163 3047 541 3147 supererogatorium
560 3074 583 3121 a
600 3048 796 3122 sacerdote
820 3047 903 3124 sive
920 3051 970 3124 ad
988 3050 1115 3124 zelum
1133 3075 1248 3125 suum
1265 3075 1404 3151 super·

163 3168 426 3241 abundantem
443 3165 701 3263 probandum,
719 3164 802 3238 sivo
819 3166 959 3240 saltem
978 3168 1027 3240 ad
1051 3174 1207 3264 tempus
1224 3166 1406 3264 jucunde

163 3290 202 3358 et
238 3282 399 3356 honeste
433 3282 638 3356 terendum
681 3279 756 3355 sibi
797 3280 874 3379 ipsi
909 3282 1087 3375 electum,
1121 3284 1192 3357 sed
1226 3307 1331 3360 onus
1364 3294 1406 3362 et

163 3398 329 3473 officium
373 3399 422 3472 ab
461 3396 633 3472 Ecclesia
675 3396 865 3472 sacerdoti
908 3397 1136 3496 impositum
1179 3406 1220 3474 et
1261 3401 1314 3475 ab
1358 3429 1405 3479 eo

163 3513 341 3613 religiose
367 3514 645 3612 exequendum,
670 3514 738 3587 scd
764 3538 842 3588 non
869 3512 953 3588 sine
978 3514 1172 3612 adjutorio
1198 3514 1406 3596 laicorum.

162 3631 245 3706 Neo
277 3627 420 3704 minori
463 3627 544 3702 zelo
587 3653 630 3701 ac
664 3629 873 3726 prudentia
915 3655 936 3704 e
971 3631 1167 3706 mentibus
1210 3631 1406 3711 laicorum

163 3772 323 3821 erronea
365 3745 435 3819 illa
474 3743 604 3842 opinio
639 3743 855 3820 eradicetur
888 3772 966 3845 qua
1008 3746 1229 3845 opinantur,
1265 3773 1406 3826 curam

162 3863 314 3937 scholae
348 3863 398 3936 ad
436 3860 548 3934 illam
581 3867 735 3936 tanturn
770 3862 968 3959 paroeciae
1003 3870 1158 3962 partem
1192 3866 1406 3964 pertinere,

161 4005 260 4078 quae
286 3978 429 4053 directe
455 3983 495 4051 et
520 3975 721 4051 actualiter
746 4002 792 4051 ea
817 4003 889 4077 pro
915 4003 987 4054 sua
1011 3980 1122 4078 prole
1148 3988 1293 4075 utatur,
1319 3981 1406 4059 imo

162 4121 254 4170 vero
284 4094 409 4169 obviis
444 4091 684 4192 argumentis
718 4093 815 4191 ipsis
846 4096 1146 4190 demonstretur,
1177 4097 1330 4174 fructus
1366 4109 1408 4177 et

161 4210 446 4286 benedictiones
472 4235 570 4309 quae
595 4234 643 4283 ex
668 4209 743 4283 fido
770 4211 1019 4310 moribusque
1049 4212 1091 4287 in
1117 4213 1260 4288 scholis
1286 4240 1405 4314 paro·

161 4327 352 4402 chialibus
377 4325 615 4402 conservatis
643 4326 880 4419 derivantur,
908 4328 948 4401 in
976 4329 1123 4403 bonum
1147 4329 1271 4406 totius
1296 4357 1404 4408 com·

162 4442 365 4519 munitatis
383 4444 614 4517 redundare.
669 4442 818 4531 Quibus
837 4443 1017 4519 omnibus
1035 4444 1231 4541 efficietur,
1250 4455 1295 4523 ut
1312 4449 1405 4525 laici

162 4563 211 4635 ad
255 4559 472 4658 paroeciam
507 4559 744 4657 pertinentes
780 4569 868 4657 post
902 4561 1101 4636 ecclesiam
1136 4565 1407 4661 parochialem
