3142 5242
295 1217 735 1396 caecam
789 1219 1239 1400 CONClLll.

409 1839 707 1947 TITULUS
751 1839 1126 1949 PRAEVIUS.

597 2135 952 2147 ————

156 2316 385 2394 Dncrnruu
405 2318 469 2392 Dn
487 2319 718 2393 Frnnnrrua
735 2320 970 2394 Suavarnrs
988 2319 1180 2396 Ouumus
1196 2319 1386 2396 Couc1n11

267 2448 476 2524 Pnuuaarr
502 2449 837 2525 Banrruormrsrs
862 2451 1042 2526 Sneurnr
1070 2451 1286 2528 Decenrrs.

213 2699 485 2797 Quaecumque
517 2699 558 2775 in
593 2699 765 2774 Concilio
801 2700 983 2775 Plenario
1018 2699 1295 2776 Baltimorensi
1330 2700 1385 2776 II.

156 2816 310 2889 decreta
338 2823 440 2908 sunt,
468 2816 672 2891 manifeste
705 2818 916 2890 ostendunt
944 2825 1091 2915 quanta
1124 2816 1317 2914 sapientia
1348 2825 1389 2892 et

156 2929 365 3029 prudentia
397 2931 458 3007 usi
491 2932 635 3007 fuerint
668 2931 762 3008 dicti
796 2931 958 3008 Consilii
989 2932 1127 3008 Patres
1160 2933 1201 3008 in
1236 2932 1387 3032 legibus

156 3046 336 3141 ferendis,
349 3048 485 3146 quales
500 3055 722 3145 temporum
739 3048 897 3123 illorum
914 3048 1015 3123 ratio
1033 3049 1267 3147 postulabat.
1311 3048 1350 3124 N
1350 3075 1386 3124 e·

155 3189 230 3264 quc
247 3163 349 3238 illud
365 3164 624 3249 omittendum
640 3173 710 3258 est,
728 3165 822 3239 haec
847 3166 1001 3239 decreta
1026 3173 1222 3240 annuente
1247 3165 1387 3239 Sancta

154 3282 254 3356 Sede
279 3306 304 3356 a
328 3279 511 3356 Patribus
536 3280 711 3378 ejusdem
736 3280 898 3356 Concilii
926 3281 1070 3379 (Titulo
1087 3281 1178 3375 xiv„
1199 3282 1254 3356 De
1269 3281 1386 3381 effice-

155 3400 247 3473 eiora'
280 3397 516 3473 Decretorem
549 3398 868 3473 Beltimereaciem
897 3403 1102 3473 executione
1128 3401 1383 3497 promovendo)

155 3514 356 3613 proposita
371 3513 491 3589 fuisse
507 3513 619 3613 quasi
642 3538 832 3607 normam,
849 3540 967 3613 qnam
993 3513 1036 3588 in
1062 3513 1203 3589 scholis
1228 3513 1387 3588 Theolo-

155 3632 243 3730 giae
255 3637 295 3706 et
311 3631 336 3704 J
340 3631 419 3706 uris
433 3629 615 3705 Canonici
628 3632 804 3706 doctores
817 3639 1068 3729 sequerentur
1084 3639 1125 3706 et
1140 3630 1387 3728 explicarent,

156 3772 351 3846 quamque
375 3771 510 3822 eorum
540 3745 721 3844 discipuli
755 3755 931 3821 accurate
955 3754 995 3822 et
1019 3747 1227 3846 diligenter
1261 3746 1388 3822 addis·

156 3872 298 3939 cerent.
351 3863 603 3939 Declaramus
628 3863 750 3961 igitur
775 3888 819 3938 ac
844 3865 1098 3957 decernimus,
1125 3863 1258 3939 omnia
1291 3889 1389 3962 quae

157 3981 198 4055 in
224 3978 398 4054 Concilio
424 3979 606 4055 Plenario
631 3978 909 4054 Baltimorensi
934 3980 1109 4055 Secundo
1126 3979 1336 4055 constituta
1351 3986 1390 4054 et

159 4099 311 4173 decreta
327 4097 495 4188 fuerunt,
509 4097 636 4172 adhuc
652 4096 693 4170 in
711 4121 782 4170 suo
799 4095 933 4194 vigore
949 4121 1187 4194 permanere,
1201 4106 1241 4171 et
1256 4120 1390 4170 omues

159 4213 331 4312 cujusvis
356 4211 506 4288 ordinis
530 4212 688 4287 clericos
712 4219 753 4288 et
776 4212 894 4287 laicos
919 4213 1059 4288 iisdem
1085 4212 1257 4289 debitam
1283 4238 1388 4287 reve·

159 4330 325 4406 rentiam
350 4337 391 4406 et
415 4329 674 4405 obedientiam
699 4329 880 4405 exhibere
901 4329 1037 4422 teneri,
1054 4329 1104 4405 iis
1121 4331 1391 4405 tantummodo

161 4447 340 4548 exceptio,
358 4472 457 4544 quae
472 4447 572 4523 forte
588 4472 659 4547 per
675 4447 748 4522 hoc
772 4445 989 4523 Concilium
1015 4446 1241 4524 Plenarium
1268 4447 1389 4521 Balti-

161 4591 338 4640 morense
354 4564 528 4640 Tertium
547 4564 630 4641 sive
647 4565 833 4665 abrogata
850 4565 932 4640 sive
950 4566 1158 4639 immutata
1175 4565 1330 4638 fuerint.

292 4686 312 4748 8
1242 4682 1263 4744 3
