3142 5242
662 489 907 537 Areunmx.

272 777 514 852 Insrancrro
545 797 598 850 ns
624 775 799 850 Iunrcns
829 774 1153 849 Eocnssmsrrcrs
1182 792 1303 848 cruca

501 892 677 967 01100000
704 891 1069 966 Mararnonmnss.

632 1073 707 1161 [Ad
717 1099 754 1161 p.
772 1078 824 1157 63,
839 1097 865 1140 c.
881 1073 938 1161 11.]

377 1247 467 1309 Pasa
487 1246 610 1307 Panas.
655 1246 710 1305 Da
729 1245 897 1306 Paocsmu
918 1244 1190 1305 Msrarnonranr.

597 1409 648 1474 De
669 1409 771 1473 indice
791 1408 973 1494 competenti.

211 1582 227 1659 ἓ
252 1585 281 1648 1.
312 1581 450 1647 Caussae
464 1580 712 1646 matrimoniales
726 1579 767 1645 ad
787 1578 922 1643 iudicem
937 1578 1181 1644 ecclesiasticum
1195 1586 1340 1664 spectant
1351 1575 1397 1640 cni

165 1684 226 1750 soli
248 1685 400 1771 competit
421 1684 462 1749 de
483 1684 650 1751 validitate
676 1682 872 1747 matrimonii
897 1692 929 1747 00
953 1681 1204 1768 obligationibus
1229 1703 1270 1745 ex
1295 1680 1397 1746 eodem

165 1787 388 1853 derivautibns
423 1787 611 1853 sententiam
648 1787 740 1853 ferre.
807 1785 859 1851 De
894 1785 1057 1851 effectibus
1089 1784 1289 1850 matrimonii
1320 1805 1398 1848 111010

165 1891 317 1956 civilibus
338 1902 477 1978 potestas
498 1891 604 1956 civilis
626 1892 755 1956 iudieat

211 1995 227 2072 ἓ
251 1997 281 2061 2.
316 1995 477 2082 Coniuges
502 1995 535 2059 in
562 1996 679 2060 enussis
705 1994 995 2060 matrimonialibus
1019 1994 1156 2059 subsunt
1182 1993 1344 2080 Episcopo
1368 1992 1396 2056 in

165 2101 256 2165 cuins
277 2097 411 2164 dioecesi
433 2099 567 2164 maritus
588 2097 787 2164 domicilium
809 2098 915 2165 habet.
971 2098 1164 2184 Exceptioni
1191 2097 1281 2162 loeus
1305 2105 1352 2162 est
1373 2095 1395 2160 si

165 2202 331 2289 coniugale
344 2203 431 2270 vitae
452 2203 648 2268 consortium
667 2212 724 2267 ant
745 2225 803 2288 per
823 2203 1053 2288 separationem
1074 2225 1094 2266 a
1115 2201 1210 2267 thoro
1232 2212 1265 2267 et
1287 2223 1394 2282 mensa,

164 2316 221 2372 ant
249 2330 307 2393 per
331 2306 541 2372 desertionem
567 2306 759 2371 malitiosam
788 2328 809 2370 a
837 2306 952 2371 marito
977 2315 1136 2392 patratam
1161 2304 1327 2370 sublatum
1351 2305 1394 2370 sit

165 2410 271 2476 Priori
286 2433 361 2475 (0011
372 2410 532 2498 quaelibet
545 2433 619 2496 pars
634 2410 684 2475 ins
694 2408 860 2474 accusandi
874 2418 984 2475 oontra
997 2409 1130 2475 alteram
1145 2409 1209 2496 ipsi
1223 2419 1395 2496 competens

163 2537 269 2579 coram
300 2514 461 2600 Episcopo
490 2511 649 2597 dioecesis,
675 2513 731 2578 ubi
761 2513 871 2578 haecce
898 2511 1098 2578 domicilium
1127 2513 1234 2596 habet,
1261 2532 1395 2578 exornem

163 2617 265 2684 debet.
311 2617 486 2683 Posteriori
504 2640 578 2682 casu
599 2640 681 2681 uxor
700 2615 787 2703 apud
808 2617 1015 2703 Episcopum,
1030 2617 1116 2682 intra
1129 2617 1222 2681 euius
1236 2616 1393 2682 dioecesin

163 2721 363 2786 domicilium
389 2722 456 2786 eius
482 2723 580 2785 situm
606 2731 663 2803 est,
685 2722 840 2785 actionem
865 2720 1031 2785 instituere
1057 2729 1168 2807 potest.
1225 2720 1392 2807 Postquam

163 2825 271 2889 citatio
293 2823 452 2889 iudicialis
475 2825 620 2888 intimata
643 2835 699 2906 est,
723 2826 857 2888 mutatio
879 2824 983 2911 quoad
1006 2825 1179 2910 coniugum
1202 2822 1391 2888 domicilium

163 2927 247 2992 faeta
262 2929 469 2993 mutationem
486 2939 626 3013 respectu
644 2928 756 2991 indicis
770 2929 976 3012 competentis
992 2928 1124 2991 minime
1138 2939 1299 3013 operatur.

464 3102 514 3166 De
528 3104 719 3166 coornatione
734 3110 840 3166 contra
855 3104 1091 3167 andrianoniam.

208 3258 223 3332 ὃ
251 3260 281 3322 3.
318 3256 366 3320 Ut
396 3257 430 3319 111
460 3256 615 3320 tribunali
645 3256 851 3320 eeclesiastico
880 3279 989 3321 caussa
1017 3256 1125 3343 aliqua
1154 3256 1391 3322 matrimonialis

162 3359 325 3424 tractanda
347 3359 548 3445 suscipiatur,
571 3383 693 3424 neccsse
715 3368 761 3423 est
783 3369 951 3424 utcontra
972 3360 1215 3424 matrimonium
1246 3360 1390 3448 regularis

162 3472 194 3527 et
216 3462 354 3528 1111111100
370 3463 527 3528 accusatio
549 3464 769 3549 praecesserit;
799 3487 880 3550 quae
906 3487 1071 3549 nunquam
1101 3464 1162 3529 erit
1191 3464 1389 3542 admittenda,

161 3566 224 3630 nisi
246 3568 464 3652 proficiscatur
485 3590 505 3630 a
526 3590 659 3652 persona
677 3568 728 3631 vel
751 3567 903 3654 personia,
919 3590 1000 3654 quae
1014 3568 1178 3631 communi
1193 3568 1265 3633 iure
1279 3567 1390 3633 habiles

160 3669 202 3735 ad
216 3671 428 3735 accusandum
451 3671 634 3736 habeantur.
682 3672 812 3735 Etenim
829 3672 862 3734 in
877 3671 1069 3758 quibusdam
1085 3671 1324 3756 impedimentis
1336 3670 1389 3758 ipsi

161 3776 310 3860 coniuges
323 3782 451 3839 tantum
467 3776 515 3838 nti
530 3784 723 3839 aecrrsatorcs
740 3776 967 3858 admittuntur,
983 3775 1017 3839 in
1032 3775 1105 3839 aliis
1120 3775 1179 3862 qui
1193 3787 1272 3841 011110
1285 3775 1389 3840 iisdem

161 3879 315 3964 sanguine
344 3879 528 3964 propinqui,
555 3877 607 3944 vel
635 3880 730 3943 ctiam
756 3879 893 3965 quilibet
914 3878 954 3943 de
975 3879 1114 3965 populo;
1140 3902 1177 3944 uo
1202 3880 1332 3945 tandem
1356 3899 1389 3943 cr

161 3982 264 4047 ossicio
293 3982 389 4046 etiarn
420 3982 585 4068 inquisitio
614 3982 683 4046 fieri
712 3992 824 4069 potest,
855 3992 886 4048 et
915 3984 1106 4069 quandoque
1134 3983 1239 4067 debet,
1269 3982 1389 4071 quando

160 4087 345 4170 praesertim
367 4096 478 4150 contra
499 4085 634 4150 alienius
657 4087 851 4151 matrimonii
875 4087 1074 4152 validitatem
1104 4088 1245 4173 simplex
1274 4088 1389 4152 denun-

160 4188 251 4253 tiatio
273 4188 356 4255 sacta
377 4189 484 4272 fuerit,
506 4199 563 4254 aut
584 4190 670 4254 fama
692 4190 935 4254 fundamentum
957 4191 1102 4256 veritatis
1123 4191 1337 4276 praeseferens
1356 4189 1390 4252 de

160 4291 295 4356 alicuius
309 4293 528 4379 impedimenti
544 4293 712 4358 existentia
726 4293 893 4380 divulgata
907 4294 958 4360 010.

206 4394 221 4470 ξ
244 4397 275 4460 4.
306 4395 376 4461 Ista
395 4397 552 4462 accusatio
577 4420 682 4461 coram
713 4395 857 4482 legitimo
886 4397 1061 4462 Ordinario
1090 4397 1299 4465 eeclesiastico
1328 4395 1387 4463 fieri

160 4496 263 4579 debet,
286 4507 317 4562 et
345 4499 474 4585 quidem
504 4499 539 4562 iu
568 4501 704 4585 scripto:
742 4501 769 4564 si
799 4510 944 4565 oretenus
980 4501 1063 4566 facta
1100 4501 1209 4585 fuerit,
1240 4501 1388 4567 iudicialis

159 4598 320 4664 reddenda
341 4603 401 4665 erit
423 4603 513 4667 iuxta
536 4602 661 4687 regulas
678 4604 842 4668 communi
856 4605 925 4668 iure
938 4604 1082 4687 traditas,
1097 4605 1219 4671 scilicet
1232 4603 1388 4671 efficiendo
