3142 5242
506 475 560 521 oe
589 475 768 522 sonorus
798 475 1076 533 carnonrcrs.
1344 461 1404 522 107

167 633 322 708 nullum
349 632 471 708 alium
497 632 625 707 locum
643 632 685 707 in
703 632 843 731 majori
869 632 994 730 pretio
1017 632 1185 707 habeant
1204 657 1247 706 ac
1265 629 1404 729 majori

166 748 428 824 sollicitudine
459 756 755 849 prosequantur,
783 773 901 848 quam
929 748 1101 824 scholam
1131 748 1403 848 parochialem,

165 871 367 965 tamquam
391 865 483 941 fidei
506 890 736 965 morumque
753 865 1083 941 conservatorium
1109 890 1153 939 ac
1172 864 1403 963 juventutis,

166 1004 266 1079 quae
283 981 464 1056 omnibus
481 981 624 1081 gaudio
642 989 683 1056 et
698 981 837 1057 solatio
858 982 991 1056 futura
1007 981 1070 1074 sit,
1088 981 1353 1056 seminarium.

217 1096 326 1172 Laici
337 1105 620 1197 competentem
635 1105 673 1173 et
686 1122 914 1197 generosam
928 1097 1249 1172 sustentationem
1263 1097 1325 1172 sch
1332 1095 1404 1171 olis

166 1214 428 1313 suppeditent.
480 1214 618 1313 Itaque
649 1213 769 1288 unitis
796 1213 946 1288 viribus
974 1214 1195 1306 studebunt,
1224 1221 1270 1289 ut
1295 1238 1404 1313 paro-

165 1330 276 1406 chiae
310 1331 531 1429 sumptibus
576 1337 616 1405 et
648 1329 826 1429 expensis
869 1355 940 1430 pro
974 1328 1116 1404 scholis
1158 1329 1403 1405 incurrendis

166 1471 321 1545 semper
337 1472 451 1546 pares
469 1446 559 1522 sint.
612 1446 920 1522 Commonefiaut
944 1446 1077 1521 fideles
1096 1445 1212 1521 “sive
1229 1454 1402 1546 pastora-

165 1561 270 1637 libus
287 1561 428 1638 litteris
446 1562 529 1638 sive
546 1561 793 1638 concionibus
814 1562 897 1638 sive
913 1561 1079 1662 privatis
1097 1562 1312 1661 colloquiis,
1338 1564 1360 1609 '¹‘
1384 1566 1405 1609 ’¹‘

165 1704 249 1754 sese
266 1678 389 1754 officio
414 1705 483 1755 suo
507 1679 681 1779 graviter
697 1679 909 1773 defuturoS,
928 1678 1005 1754 nisi
1022 1679 1130 1755 omni
1146 1704 1224 1778 qua
1240 1687 1405 1778 possunt

164 1820 260 1871 cura
281 1794 535 1895 impensaque
552 1795 694 1870 scholis
712 1795 920 1871 Catholicis
941 1795 1195 1895 providerint.
1249 1795 1308 1871 De
1325 1822 1402 1895 quo

164 1912 415 2011 potissimum
449 1911 634 1987 monendi
672 1918 789 1986 erunt
821 1918 1010 2010 quotquot
1047 1911 1150 1986 inter
1184 1912 1403 1987 Catholicos

165 2027 303 2102 ceteris
329 2035 531 2125 praestant
556 2027 706 2102 divitiis
724 2053 767 2101 ac
789 2026 1017 2103 auctoritate
1043 2030 1148 2127 apud
1174 2028 1402 2126 populum.”

170 2142 305 2240 (Instr.
324 2144 361 2218 S.
381 2144 437 2240 Ο.)
495 2143 682 2218 Parentes
707 2143 828 2241 igitur
851 2168 923 2242 pro
948 2168 1080 2219 rerum
1106 2145 1288 2218 facultate
1314 2170 1402 2243 par·

165 2259 300 2335 vulam
318 2259 429 2335 illam
447 2259 651 2335 mensilem
676 2259 1011 2353 contributionem‚
1030 2286 1129 2358 quae
1146 2285 1219 2359 pro
1237 2259 1403 2359 singulis

164 2376 299 2474 pueris
325 2376 427 2476 exigi
453 2377 554 2451 solet
583 2384 762 2475 prompte
788 2382 826 2450 et
856 2375 1023 2451 libenter
1048 2376 1213 2451 solvant.
1267 2377 1403 2452 Cetera

165 2499 296 2567 autem
315 2492 520 2591 parochiae
545 2493 721 2567 membra
744 2492 920 2566 redditus
944 2492 1134 2585 ecclesiae,
1153 2491 1195 2566 in
1212 2501 1402 2592 quantum

164 2633 236 2706 pro
281 2608 501 2683 scholarum
545 2608 825 2683 sustentatione
868 2616 1131 2706 opportunum
1167 2609 1229 2684 vel
1274 2635 1401 2684 neces·

164 2723 314 2799 sarium
340 2724 401 2816 sit,
429 2749 558 2799 creare
584 2731 623 2798 et
653 2749 793 2822 augere
822 2749 870 2798 ne
895 2731 1072 2799 renuant.
1126 2725 1271 2800 Omnes
1297 2751 1403 2818 vero,

165 2839 248 2915 sive
274 2848 465 2939 parentes,
490 2840 572 2915 sive
599 2839 676 2914 alia
701 2839 938 2914 familiarum
966 2839 1104 2938 capita,
1123 2840 1205 2916 sive
1225 2842 1402 2939 juvenes,

165 2956 246 3033 suis
278 2957 447 3055 propriis
475 2956 614 3055 opibus
644 2955 824 3054 praediti,
852 2955 979 3054 parati
1010 2955 1090 3030 sint
1120 2957 1281 3031 nomina
1311 2959 1404 3033 dare

165 3072 282 3148 alicui
300 3072 472 3147 societati
491 3098 562 3171 pro
581 3097 810 3170 unaquaque
828 3072 1006 3170 paroecia
1024 3073 1193 3148 maxime
1211 3099 1402 3149 commen·

165 3191 329 3281 dandae,
359 3187 400 3262 in
432 3188 563 3287 plures
588 3188 674 3286 jam
704 3187 946 3262 introductae
978 3195 1017 3262 et
1046 3189 1096 3262 ab
1125 3188 1211 3287 ipso
1243 3191 1403 3265 Summo
1441 3267 1443 3270 Α

165 3304 352 3380 Pontifice
377 3304 542 3403 jamjam
575 3304 792 3379 uberrimae
823 3303 1056 3397 benedictae,
1085 3303 1125 3379 in
1154 3331 1241 3404 qua,
1270 3332 1403 3405 quam·

164 3421 226 3495 vis
250 3419 423 3513 modicis,
448 3420 692 3519 regularibus
718 3427 849 3493 tamen
876 3420 1226 3495 contributionibus
1253 3422 1404 3497 scholas

165 3537 363 3636 adjuvent,
399 3562 549 3635 easque,
585 3534 618 3610 si
654 3561 730 3610 non
775 3534 947 3628 omnino,
983 3536 1123 3610 saltem
1167 3537 1208 3611 in
1251 3546 1403 3635 partem

164 3652 355 3754 gratuitas
378 3652 484 3753 (free
504 3653 651 3749 sctoob)
674 3653 851 3727 reddant.
904 3651 1052 3749 Opibus
1076 3661 1205 3727 autem
1229 3655 1279 3729 ad
1303 3655 1405 3729 hunc

165 3768 454 3845 sanctissimum
490 3769 607 3842 finem
634 3793 817 3865 generose
853 3768 901 3841 ab
936 3768 1116 3843 omnibus
1142 3769 1304 3862 collatis
1332 3771 1405 3846 hoc

164 3885 285 3962 etiam
303 3884 498 3977 efficietur,
517 3891 561 3958 ut
578 3892 759 3958 externus
783 3883 1002 3957 scholarum
1029 3884 1214 3981 splendor
1231 3892 1270 3960 et
1285 3885 1405 3961 inter-

167 4026 261 4077 num
280 4025 414 4075 earum
433 4007 707 4075 ornamentum
724 4024 903 4091 crescere,
923 4024 1109 4074 numerus
1128 4001 1404 4099 magistrorum

166 4118 368 4192 commode
394 4115 539 4214 augeri,
566 4115 760 4190 scholares
786 4115 827 4189 in
854 4114 994 4189 classes
1022 4115 1151 4190 minus
1179 4143 1405 4194 numerosas

167 4233 292 4309 dividi
322 4232 575 4331 singulaeque
605 4231 745 4306 classes
777 4231 906 4329 aptius
936 4229 1040 4305 inter
1072 4257 1112 4306 se
1143 4233 1332 4333 distingui
1367 4242 1407 4310 et

167 4351 381 4426 secundum
396 4350 542 4448 gradus
559 4347 714 4446 disponi
732 4346 904 4446 possint;
931 4371 1030 4446 quae
1049 4348 1181 4422 omnia
1199 4349 1343 4425 mirum
1361 4351 1404 4425 iu

167 4467 329 4540 modum
356 4465 676 4563 cooperabuntur,
708 4470 753 4539 ut
779 4463 932 4538 scholae
962 4472 1117 4539 nostrae
1145 4467 1196 4540 ad
1224 4467 1406 4542 altiorem

167 4581 415 4681 perfectionis
432 4583 598 4680 gradum
617 4587 931 4679 promoveantur.
