3142 5242
173 460 215 521 78
302 471 487 518 11111111
511 471 665 517 1.-111
692 472 972 519 6111166111
1002 475 1302 524 surcarroxs.

171 654 350 729 gramma
365 635 513 703 certum
534 634 574 701 et
598 626 835 725 explicitum,
852 628 904 703 ab
928 628 1122 729 Episcopo
1147 632 1412 730 probandum,

170 745 451 823 conficiendum
484 743 561 818 erit
592 769 618 817 a
650 744 959 819 moderatoribus
991 747 1305 843 seminariorum,
1331 776 1410 850 quo
1467 760 1473 771 '

169 862 390 953 definiatur,
407 885 508 960 quae
531 859 573 934 in
599 859 765 959 singulis
790 861 978 937 classibus
1002 866 1205 956 tradenda,
1231 867 1411 942 materiis

169 988 210 1057 ct
224 978 333 1056 horis
350 985 441 1076 apte
466 976 656 1052 ordinatis
672 983 712 1052 et
732 978 963 1054 distributis.
1014 980 1111 1056 Tota
1134 982 1255 1056 etiam
1281 984 1408 1059 alum·

170 1122 311 1172 norum
330 1094 412 1168 vita
427 1100 532 1168 certa
550 1117 686 1168 norma
703 1094 760 1169 ita
775 1095 1016 1192 disponatur,
1029 1104 1069 1171 et
1086 1097 1197 1172 nulla
1213 1099 1293 1174 diei
1310 1101 1409 1176 hora

168 1213 210 1289 in
236 1213 382 1288 incerto
408 1209 680 1309 relinquantur
703 1211 799 1311 quid
824 1210 899 1286 sibi
925 1214 974 1286 ad
993 1212 1151 1288 virtutis
1167 1221 1207 1289 et
1223 1215 1409 1294 scientiae

167 1353 418 1431 progressum
436 1329 633 1426 agendum
650 1326 713 1402 sit.

209 1449 398 1548 Satagant
412 1446 673 1521 moderatores
685 1452 725 1520 et
741 1445 930 1543 magistri,
944 1449 1307 1547 supernaturalibus
1325 1476 1406 1527 mo·

167 1563 531 1683 tivis·nequaquam
560 1561 856 1662 praetermissis,
882 1563 1094 1662 discipulos
1119 1565 1241 1641 variis
1269 1566 1405 1643 incita·

167 1681 310 1756 mentis
337 1706 547 1780 provocare
571 1679 624 1754 ad
647 1688 804 1754 strenue
818 1687 1117 1781 constanterque
1131 1681 1404 1778 laborandum,

166 1797 371 1897 studiaque
407 1797 600 1887 indefesso
633 1795 715 1869 zelo
740 1795 933 1870 adfinem
968 1822 1090 1897 usque
1122 1802 1405 1899 prosequenda

167 1913 455 1991 Aemulationis
472 1913 576 1990 inter
587 1911 778 1986 discentes
790 1915 984 1989 acuendae
994 1913 1123 2013 gratia
1134 1915 1404 2013 instituantur,

166 2057 269 2107 anno
288 2031 518 2131 pracsertim
537 2029 702 2121 labente,
716 2030 897 2105 examina
913 2029 997 2106 sive
1013 2031 1157 2130 scripto
1174 2032 1259 2108 sive
1271 2035 1403 2127 verbo,

165 2147 284 2249 idque
309 2173 440 2223 eoram
466 2147 659 2247 Episcopo
686 2146 748 2221 vel
766 2146 863 2220 viris
887 2147 1086 2266 doctrinae
1110 2147 1277 2248 insignis
1295 2153 1346 2226 ad
1363 2151 1403 2227 id

166 2265 367 2365 delegatis.
437 2263 581 2340 Nullus
616 2264 799 2339 alumnus
836 2263 912 2339 nisi
945 2264 1105 2363 praevio
1139 2266 1320 2343 examine
1353 2269 1405 2344 ad

165 2382 343 2458 altiorem
372 2406 528 2457 cursum
554 2380 806 2472 admittatur;
840 2380 908 2479 qui
934 2406 1012 2455 non
1038 2380 1269 2459 satisfecisse
1298 2384 1403 2483 judi-

164 2505 274 2575 catus
309 2498 438 2595 fuerit,
472 2522 542 2596 per
583 2504 807 2595 sequentem
852 2521 999 2571 annum
1032 2496 1075 2572 in
1109 2500 1246 2574 eadem
1279 2502 1404 2577 classe

164 2614 390 2690 retineatur.
442 2612 625 2704 Quolibet
649 2612 826 2687 semestri
853 2608 1057 2713 Episcopis
1082 2615 1311 2712 respectivis
1337 2620 1401 2694 de·

165 2733 343 2808 forantur
368 2738 483 2805 notae
508 2729 692 2804 meritum
718 2729 925 2826 cujuslibet
950 2730 1099 2804 alumni
1125 2733 1255 2829 quoad
1273 2735 1405 2810 studia

165 2855 204 2925 ct
221 2874 349 2923 mores
365 2846 602 2923 exhibentes.

217 2968 300 3039 152.
336 2964 517 3039 Ceterum
543 2970 588 3038 ut
620 2988 718 3061 quae
752 2987 823 3062 pro
858 2963 1154 3040 seminariorum
1189 2992 1404 3064 puerorum

163 3090 255 3181 apto
273 3080 474 3179 regimine,
488 3078 670 3177 religiosa
685 3078 929 3155 institutione
943 3081 1237 3180 studiorumque
1251 3084 1405 3160 ratione

163 3207 334 3274 statuero
360 3196 488 3270 visum
522 3203 582 3271 est
615 3184 891 3287 Patribus,ad
916 3204 1094 3296 optatum
1128 3200 1245 3273 finem
1281 3201 1403 3278 dedu·

162 3323 321 3408 cantur;
357 3322 477 3412 utque
501 3319 788 3411 praecaveatur,
816 3337 865 3387 ne
891 3339 1063 3412 unquam
1088 3314 1216 3389 clerici
1252 3318 1402 3394 adoles·

161 3440 303 3524 centes,
318 3430 536 3505 studiorum
550 3428 784 3504 curriculum
799 3428 970 3505 breviori
983 3437 1157 3531 tempore
1174 3439 1243 3507 aut
1261 3434 1402 3510 laxiori

161 3574 300 3650 gressu
341 3545 563 3648 perficiendi
598 3570 667 3644 spe
700 3545 840 3638 allecti,
875 3546 1085 3623 seminaria
1126 3550 1176 3623 ad
1219 3574 1401 3627 normam

162 3663 444 3766 praescriptam
470 3670 645 3737 accurate
661 3663 817 3736 redacta
834 3662 1010 3738 devitent
1026 3672 1094 3739 aut
1111 3666 1304 3759 deserant,
1323 3668 1400 3742 alio

163 3809 204 3860 so
246 3779 490 3872 conversuri3
534 3779 727 3871 volumus,
762 3785 801 3853 et
833 3779 1105 3878 praecipimus,
1139 3788 1185 3857 ut
1218 3781 1261 3857 in
1296 3784 1400 3860 hisce

161 3900 335 3976 Statibus
353 3897 485 3973 omnia
501 3903 543 3972 61
558 3895 713 3994 singula
737 3920 946 3994 puerorum
974 3898 1182 3973 seminaria
1207 3900 1400 3976 clericalia

162 4042 309 4093 necnon
346 4013 518 4112 collegia,
554 4037 653 4111 quae
687 4012 947 4087 adolescentes
980 4014 1137 4089 clericos
1176 4017 1396 4093 educandos

160 4132 365 4231 rccipiunt,
385 4131 467 4205 sivo
485 4128 750 4229 provincialia,
768 4128 851 4203 sive
877 4129 1112 4225 dioecesana,
1130 4131 1213 4206 sive
1229 4135 1395 4231 privata,

161 4249 244 4325 sive
258 4275 281 4323 a
295 4246 555 4323 szrecularibus
573 4244 845 4338 sacerdotibus
860 4245 942 4320 sive
956 4273 980 4321 a
996 4247 1187 4347 religiosis
1203 4248 1395 4326 institutis

160 4374 357 4461 regantur,
394 4362 524 4437 stricte
559 4369 598 4436 et
640 4368 814 4435 accurate
856 4362 1072 4456 observent,
1107 4391 1205 4464 quae
1238 4365 1281 4441 in
1324 4367 1395 4441 hac

161 4484 316 4582 Syriodo
335 4482 463 4579 quoad
480 4477 665 4576 regimen,
684 4477 907 4574 religiosam
933 4478 1229 4574 institutionem,
1249 4483 1393 4558 studio·

161 4624 324 4697 1111111116
343 4597 533 4671 lationem
548 4593 844 4668 seminariorum
864 4595 1060 4670 minorum
1079 4597 1237 4672 delinita
1250 4599 1392 4674 habeu-
