3142 5242
242 487 283 550 52
353 504 533 551 TITULUS
563 505 727 553 11.-1>E
756 506 965 552 Passurus
994 504 1359 552 ECCLESIAS'I'ICIS.

241 659 348 757 priae
366 661 539 754 studiosi,
558 663 608 736 ad
626 661 840 737 orationem
858 668 897 736 et
912 661 1279 760 contemplationem
1297 668 1470 734 sanctam

241 775 480 873 poenitentes
494 802 583 851 suas
597 778 818 869 efforment3
842 778 1011 852 maxime
1023 778 1240 852 allaborent
1252 777 1304 851 ad
1319 800 1470 851 conser-

240 894 412 966 vandum
445 891 487 966 in
522 893 768 968 monasteriis
802 893 984 991 spiritum
1019 893 1123 967 vitae
1161 891 1401 991 perfectioris
1434 899 1473 965 et

241 1008 413 1082 strictam
431 1009 656 1107 regularum
680 1009 990 1101 observantiam;
1018 1009 1116 1084 nihil
1141 1008 1181 1083 in
1206 1008 1265 1101 iis,
1284 1032 1411 1107 neque
1430 1007 1471 1080 in

240 1123 501 1199 laudabilibus
524 1125 878 1218 consuetudinibus,
897 1124 1091 1224 Episcopo
1114 1125 1344 1216 inconsulto,
1363 1123 1472 1197 inno·

239 1248 375 1315 rantes
408 1240 532 1340 iisque
574 1266 616 1317 se
656 1242 941 1317 conformantes
975 1240 1195 1339 specialiter
1232 1239 1362 1339 quoad
1399 1239 1472 1314 fre·

239 1357 438 1455 quantiam
464 1383 595 1433 sacrae
619 1356 914 1433 communionis.
971 1358 1100 1456 (Ibid,
1118 1356 1192 1432 Νο.
1209 1358 1314 1452 418.)

288 1474 349 1547 99.
386 1473 495 1548 Inter
519 1472 625 1549 viros
648 1472 850 1572 religiosos
874 1473 942 1572 qui
977 1473 1155 1572 pluribus
1180 1473 1222 1548 in
1247 1473 1342 1548 locis
1368 1474 1474 1572 apud

239 1613 320 1682 nos,
339 1591 667 1688 quemadmodum
692 1588 733 1664 in
757 1590 916 1688 Europa
933 1589 1097 1689 aliisque
1116 1589 1221 1664 orbis
1237 1589 1473 1688 regionibus

238 1706 345 1804 piam
387 1712 428 1780 et
471 1707 647 1781 sedulam
692 1706 892 1804 juventuti
938 1705 1171 1782 christianae
1212 1705 1474 1781 instituendae

239 1829 386 1896 navant
410 1846 579 1919 operam,
596 1821 793 1921 egregiam
819 1821 976 1897 laudem
1003 1831 1201 1897 merentur
1224 1822 1383 1897 Fratres
1406 1820 1474 1920 qui

239 1962 263 2011 a
283 1937 424 2012 scholis
444 1937 677 2013 Christianis
695 1963 837 2013 nomen
861 1939 1035 2013 trahunt.
1088 1938 1243 2013 Horum
1261 1937 1473 2036 progressi·

238 2053 310 2128 bus
328 2078 372 2128 ac
389 2053 592 2128 stabilitati
608 2079 685 2152 quo
703 2053 843 2129 melius
859 2055 1087 2146 consuleret,
1103 2053 1337 2129 Benedictus
1351 2053 1472 2128 XIII.

242 2169 298 2268 (in
323 2168 442 2244 Bulla
464 2169 756 2267 approbationis
782 2171 831 2244 Ia
854 2171 1088 2270 Apostolicae
1109 2172 1312 2270 dignitatis)
1339 2168 1472 2262 edixit,

237 2293 283 2360 ut
321 2285 487 2360 “nullus
528 2311 576 2360 ex
617 2286 802 2361 fratribus
844 2285 1016 2361 instituti
1057 2285 1294 2385 hujusmodi,
1328 2286 1474 2385 absque

237 2427 418 2500 expresso
443 2427 633 2480 consensu
661 2402 905 2500 superiorum
937 2402 1177 2501 generalium
1207 2402 1332 2501 ipsius
1363 2400 1472 2477 insti·

237 2519 324 2610 tuti,
342 2518 461 2593 etiam
485 2525 688 2616 praetextu
705 2518 909 2593 arctiorem
926 2519 1155 2617 religionem
1174 2517 1436 2617 amplectendi
1451 2543 1472 2594 e

237 2633 433 2733 praedicto
457 2632 638 2708 instituto
661 2632 793 2732 egredi
825 2694 833 2709 .
867 2693 875 2709 .
909 2693 917 2709 .
949 2634 1112 2709 valeat.'’
1173 2634 1311 2733 Itaque
1334 2634 1472 2710 Patres

237 2750 353 2848 hujus
370 2749 544 2842 Consilii,
562 2749 760 2847 cupientes
777 2750 948 2848 aliquam
974 2750 1265 2825 benevolentiae
1282 2750 1470 2849 significa·

237 2867 382 2941 tionem
426 2865 614 2963 praeclari
661 2865 778 2964 hujus
824 2865 995 2941 instituti
1042 2866 1234 2965 religiosis
1279 2867 1470 2959 exhibere,

237 2982 412 3080 ipsorum
445 2981 601 3078 regulas
631 2988 671 3056 ot
699 2981 994 3057 constitutiones
1029 3007 1101 3080 pro
1130 2982 1281 3057 viribus
1315 2985 1470 3075 tuendo,

237 3105 277 3172 et
309 3097 427 3171 simul
462 3096 585 3171 menti
619 3097 658 3172 S.
686 3096 808 3191 Sedis,
835 3122 884 3172 ne
918 3098 969 3173 ad
1003 3098 1261 3174 sacerdotium
1296 3099 1472 3197 aspirent

237 3213 509 3312 praecipientis
542 3213 812 3306 obsecundare,
845 3215 1058 3289 decernunt
1090 3213 1286 3289 neminem
1325 3215 1395 3314 qui
1429 3214 1470 3289 in

236 3331 308 3404 hac
337 3329 635 3428 congregatione
664 3329 793 3427 prima
816 3337 908 3404 vota
937 3330 1122 3423 emiserit,
1148 3337 1188 3406 et
1215 3330 1358 3407 deinde
1383 3357 1470 3431 qua·

236 3471 400 3544 cumque
430 3447 479 3520 de
508 3470 624 3519 causa
653 3445 943 3544 congregationi
970 3446 1213 3540 valedixerit,
1239 3446 1282 3521 in
1312 3448 1469 3546 provin·

235 3563 383 3637 ciarum
402 3569 624 3636 nostrarum
642 3561 850 3636 seminaria
865 3562 1054 3660 tanquam
1070 3587 1269 3638 sacrorum
1286 3564 1470 3639 ordinum

235 3677 475 3753 canditatum
498 3676 583 3752 sine
605 3676 893 3775 dispensatione
915 3677 954 3752 S.
973 3677 1293 3777 congregationis
1314 3678 1469 3755 admitti

237 3819 359 3892 posse.
413 3792 524 3867 Idem
541 3800 719 3868 statuunt
734 3795 783 3868 de
801 3793 1005 3868 Fratribus
1022 3793 1270 3888 Xaverianis,
1290 3794 1469 3871 Francis·

215 3908 383 3984 ‘calibus
421 3909 584 4008 aliisque
621 3909 762 4008 quibus
795 3908 881 4007 lege
917 3934 989 3985 sua
1026 3911 1285 3986 sacerdotium
1321 3912 1469 3988 ambire

237 4026 401 4100 vetitum
434 4032 503 4118 est,
530 4050 606 4124 quo
636 4025 861 4122 diligentius
889 4051 932 4101 ac
959 4028 1199 4102 constantius
1225 4028 1469 4102 Christianae

236 4166 444 4239 puerorum
463 4141 696 4215 institutioni
715 4142 825 4214 unice
843 4141 1079 4217 incumbant.
