3142 5242
217 454 259 517 30
348 469 530 515 TITULUS
559 469 722 516 11.-1›r:
751 469 960 517 Pensorsss
989 469 1353 517 nccnxslxsrwm.

216 626 388 699 eundum
415 624 500 719 erit,
519 623 594 699 nisi
624 623 666 699 in
690 650 781 700 casu
797 650 875 724 quo
893 623 1136 718 Ordinarius,
1158 624 1292 700 audita
1308 624 1452 700 exami-

217 749 400 816 natorum
426 740 630 836 sententia,
648 741 874 841 quempiam
899 740 1151 817 eximendum
1176 741 1381 832 censuerit,
1404 742 1454 816 de

216 857 275 955 cuj
282 883 326 932 us
342 858 514 950 scientia,
532 866 694 957 propter
714 857 898 951 muneris,
916 883 994 957 quo
1014 858 1202 956 fungitur,
1220 857 1452 954 dignitatem

218 973 280 1048 vel
303 982 463 1073 propter
480 973 708 1049 diuturnam
725 998 897 1072 operam,
914 999 992 1073 qua
1012 973 1207 1049 Ecclesiae
1224 998 1313 1047 cum
1337 973 1454 1049 laude

217 1090 407 1183 servierit,
427 1091 630 1166 abundans
647 1088 917 1166 testimonium
935 1091 1090 1167 habeat.

266 1208 327 1283 58.
368 1208 417 1283 In
450 1232 545 1282 casu
576 1206 838 1300 ecclesiarum,
863 1232 1032 1306 quarum
1065 1232 1159 1283 cura
1191 1206 1366 1284 familiae
1390 1206 1453 1281 vel

217 1323 391 1398 societati
412 1323 684 1421 religiosorum
708 1321 917 1398 commissa
939 1330 1107 1417 estnon
1133 1324 1342 1400 adhibetur
1366 1349 1452 1399 con·

216 1464 363 1532 cursus,
376 1439 512 1514 relicta
525 1438 719 1539 Episcopo
731 1439 916 1515 facultate
931 1465 1008 1533 eos,
1023 1439 1058 1515 si
1071 1440 1178 1533 velit,
1193 1439 1452 1516 examinandi.

267 1558 327 1631 59.
385 1556 425 1630 Si
470 1556 520 1630 ob
560 1555 795 1631 dioecesium
836 1555 1102 1632 extensionem
1143 1562 1185 1632 et
1225 1555 1454 1631 distantiam

217 1671 402 1766 locorum,
421 1678 489 1747 ant
507 1671 585 1747 alia
608 1671 822 1772 peculiaria
837 1672 1048 1765 obstacula,
1066 1670 1223 1748 nonnisi
1247 1671 1453 1748 difficulter

218 1787 300 1863 fieri
324 1789 459 1887 possit,
477 1795 523 1864 ut
544 1789 696 1888 quoties
713 1787 873 1865 ecclesia
889 1814 960 1887 per
976 1814 1206 1865 concursum
1222 1789 1455 1864 conserenda

217 1930 355 1980 vacare
379 1905 595 2005 contigerit,
620 1905 737 1980 toties
762 1906 814 1981 ad
842 1905 954 1981 illam
984 1905 1230 2005 adspirantes
1258 1903 1303 1980 in
1332 1929 1455 1979 unum

132 2015 142 2033 '
218 2020 345 2096 locum
371 2022 614 2116 conveniant,
640 2021 773 2097 licebit
796 2048 960 2098 examen
990 2024 1040 2098 de
1068 2021 1245 2097 doctrina
1273 2045 1454 2120 separare

218 2137 268 2212 ab
290 2137 468 2213 examine
489 2140 539 2214 de
555 2139 693 2214 ceteris
715 2139 911 2214 canonicis
932 2138 1142 2238 requisitis,
1160 2163 1207 2214 ea
1228 2138 1395 2227 ratione,
1411 2143 1454 2213 ut

218 2254 338 2346 semel
361 2253 403 2329 in
427 2280 542 2348 anno,
559 2261 706 2330 statuto
722 2261 910 2354 tempore,
927 2280 1090 2330 examen
1106 2254 1290 2353 generale
1312 2255 1364 2329 de
1384 2253 1452 2328 sci·

218 2370 324 2444 entia
339 2395 411 2469 pro
426 2370 676 2447 missionibus
693 2370 735 2447 in
751 2372 929 2447 futurum
941 2369 1148 2464 vacaturis,
1159 2370 1276 2469 juxta
1287 2370 1454 2445 formam

218 2510 338 2585 supra
371 2494 570 2580 statutam,
596 2486 827 2563 instituatur
854 2489 906 2563 ad
938 2487 1219 2586 explorandam
1252 2485 1455 2562 scientiam

218 2627 352 2677 eorum
369 2602 436 2702 qui
454 2605 505 2679 ad
522 2611 715 2679 rectorum
740 2602 1053 2679 inamovibilium
1074 2628 1218 2678 munus
1235 2603 1453 2701 adspirant,

218 2725 365 2794 ceterae
378 2744 471 2794 vero
489 2721 599 2795 dotes
621 2721 674 2817 (n.
688 2722 753 2820 51)
771 2721 1042 2819 expendantur
1058 2720 1109 2795 ab
1125 2718 1454 2795 examinatoribus

218 2837 372 2933 quando
390 2835 551 2911 ecclesia
567 2861 710 2911 vacans
732 2838 965 2913 conferenda
981 2837 1044 2913 sit.
1096 2834 1174 2927 Qui
1197 2835 1240 2910 in
1262 2835 1454 2933 ejusmodi

219 2951 417 3026 doctrinae
441 2952 657 3028 tentamine
682 2952 842 3052 praevio
866 2951 1073 3050 approbati
1098 2951 1256 3045 fuerint,
1281 2953 1333 3027 ad
1357 2950 1453 3026 obti-

220 3069 391 3142 nendum
409 3093 675 3167 quemcunque
697 3076 932 3144 rectoratum
948 3067 1243 3144 inamovibilem
1266 3066 1374 3143 intra
1389 3092 1455 3142 sex

219 3183 416 3282 proximos
439 3209 563 3260 annos
579 3193 808 3260 vacaturum
831 3186 961 3284 quoad
977 3183 1180 3259 scientiam
1202 3183 1354 3258 habiles
1370 3208 1453 3258 cen·

220 3300 416 3375 sebuntur.
487 3301 634 3400 Elapso
668 3326 761 3375 vero
799 3301 995 3393 sexennio,
1029 3298 1199 3375 examini
1242 3300 1372 3374 denuo
1413 3324 1454 3373 se

220 3415 354 3491 sistere
370 3417 616 3510 tenebuntur,
635 3416 669 3492 si
693 3415 870 3491 missioni
893 3413 1231 3490 inamovibilitatis
1248 3415 1453 3514 privilegio

220 3531 428 3629 insignitae
445 3533 601 3631 praefici
620 3533 770 3607 velint.l

689 3905 865 3980 CAPUT
892 3905 988 3981 VII.

576 4089 639 4162 Dn
667 4089 804 4162 Onnao
829 4089 1100 4163 Droncnsnno

498 4257 568 4350 51.
605 4255 662 4329 De
691 4256 978 4330 ordinandorum
1005 4254 1176 4330 Dioeoosi.

271 4422 331 4495 60.
385 4421 470 4510 Quo
514 4421 638 4518 magis
673 4421 911 4495 hierarchiae
954 4420 1229 4496 ecclesiasticae
1272 4421 1315 4497 in
1354 4429 1456 4496 recta

222 4539 486 4610 membrorum
514 4537 766 4634 dispositione
794 4540 887 4612 ordo
914 4537 1091 4627 eluceret,
1114 4547 1230 4636 atque
1258 4540 1454 4613 abundan-

257 4718 264 4749 ¹
275 4719 344 4771 l'idc
357 4721 434 4771 lustr.
446 4720 472 4771 S.
486 4722 514 4771 C.
526 4720 559 4770 de
570 4720 600 4771 P.
613 4721 642 4772 F.
654 4721 686 4772 de
698 4722 837 4786 Concursu,
851 4721 879 4772 in
891 4720 1040 4788 appendice,
1054 4739 1079 4787 p.
1088 4722 1144 4773 203.
