3142 5242
353 491 408 538 nu
438 492 642 539 exarnus:
671 493 896 542 rumorum
924 493 1224 541 sncnnnoruu.
1362 480 1405 543 95

617 876 835 953 CAPUT
866 877 952 954 IV.

365 1059 429 1134 Dn
455 1059 659 1134 Exanrna
686 1060 710 1134 J
714 1082 902 1136 auronum
929 1060 1213 1137 Sacranoruu.

221 1227 306 1303 186.
342 1226 472 1315 Quum
507 1224 611 1300 labia
645 1225 854 1301 sacerdotis
888 1211 1086 1326 nunquam
1126 1252 1204 1301 non
1239 1228 1404 1302 debeant

170 1343 363 1420 custodire
389 1341 601 1434 scientiam,
620 1367 727 1417 sacro
752 1344 1042 1442 presbyteratus
1068 1343 1204 1418 ordine
1227 1353 1402 1443 suscepto

171 1485 285 1535 nemo
303 1465 416 1558 putet
429 1457 558 1534 studia
577 1457 741 1556 abjicere
758 1458 833 1534 sibi
850 1458 1018 1534 liberum
1036 1485 1119 1534 esse
1136 1484 1181 1534 ac
1197 1459 1402 1558 integrum.

171 1576 206 1651 Ε
223 1583 358 1651 contra
375 1574 530 1650 assidua
554 1580 594 1649 et
615 1573 808 1649 indefessa
824 1600 917 1650 cura
933 1575 1149 1651 evolvenda
1171 1601 1216 1651 ac
1237 1576 1404 1651 fovenda

171 1701 273 1787 sunt,
303 1717 402 1791 quae
436 1698 526 1766 aute
560 1690 824 1766 Sacerdotium
858 1690 1000 1766 initum
1034 1691 1145 1791 quasi
1174 1692 1280 1790 jacta
1313 1699 1405 1767 sunt

171 1808 331 1884 semina.
384 1807 625 1907 Quicumque
656 1807 761 1883 enim
792 1832 944 1882 sacrum
977 1807 1198 1884 animarum
1228 1808 1403 1906 regimen

171 1925 406 2024 aggreditur,
425 1923 550 2022 magis
577 1923 778 2023 magisque
803 1925 1002 2000 attendere
1020 1926 1133 2000 debet
1156 1924 1230 2000 sibi
1254 1932 1294 2000 et
1316 1927 1402 2001 doc·

170 2040 296 2117 triuae
313 2041 409 2116 adeo
428 2047 472 2116 ut
488 2065 587 2139 quae
598 2040 684 2138 jam
701 2038 891 2133 didicerit,
909 2039 1099 2115 memoria
1114 2040 1290 2133 retineat,
1305 2067 1403 2141 quae

171 2164 301 2234 autem
328 2157 460 2249 nescit,
487 2155 653 2232 ferventi
679 2162 719 2231 et
743 2165 931 2255 perpetuo
956 2165 1098 2232 conatu
1125 2157 1310 2234 addiscat.
1361 2157 1402 2232 Si

170 2273 257 2374 quis
274 2298 367 2348 vero
393 2271 576 2348 scientiae
601 2272 800 2347 lucernam
827 2272 931 2347 alere
947 2272 1111 2366 desinat,
1130 2298 1222 2347 mox
1238 2273 1280 2348 in
1298 2281 1401 2349 tene·

169 2389 250 2466 bris
268 2388 509 2483 versabitur3
532 2388 573 2463 in
591 2388 657 2463 via
673 2388 860 2464 oaecutiet
875 2387 943 2488 qui
960 2387 1102 2463 missus
1119 2395 1180 2464 est
1195 2395 1240 2464 ut
1255 2389 1308 2465 sit
1324 2392 1403 2465 dux

170 2505 306 2606 populi
332 2505 374 2580 in
391 2505 457 2580 via
474 2505 622 2581 salutis.
676 2504 912 2605 “Numquid
937 2511 1066 2605 potest
1089 2529 1223 2580 caecus
1248 2531 1402 2582 caecum

171 2626 335 2700 ducere?
361 2647 489 2698 nonne
507 2622 622 2698 ambo
639 2621 681 2697 in
699 2622 851 2697 foveam
868 2621 1066 2697 cadunt'l'’
1118 2620 1227 2716 (Luc.
1246 2644 1303 2698 vr.
1321 2624 1398 2722 39.)

170 2739 299 2815 Labor
324 2745 365 2814 et
389 2738 523 2832 oratio,
550 2738 645 2813 haec
670 2738 722 2813 sit
746 2738 829 2813 vita
854 2737 1085 2831 sacerdotis3
1121 2738 1293 2813 laborem
1319 2739 1402 2838 ejus

169 2855 315 2955 partim
349 2853 425 2930 sibi
458 2854 659 2931 vindicant
701 2854 841 2947 studia,
875 2854 1020 2954 partim
1054 2853 1153 2930 sacri
1195 2854 1402 2930 ministerii

169 2971 326 3047 functio.
379 2971 428 3046 In
446 2971 636 3047 desidiam
663 2970 697 3047 si
721 2970 960 3071 prolabatur,
979 2996 1056 3046 non
1074 2971 1202 3046 solum
1219 2969 1262 3047 in
1279 2995 1401 3048 sacer·

169 3088 359 3164 dotalium
402 3113 556 3163 morum
589 3087 745 3163 ruinam
788 3094 828 3163 et
864 3087 1022 3187 laqueos
1057 3086 1203 3162 diaboli
1245 3087 1400 3181 incidet,

168 3230 307 3281 verum
341 3203 459 3280 etiam
493 3203 598 3280 labia
631 3205 714 3304 ejus
748 3229 827 3279 non
860 3203 1079 3280 custodient
1116 3203 1328 3298 scientiam,
1363 3211 1404 3281 et

171 3321 363 3396 Dominus
383 3320 546 3419 repellet
565 3345 667 3396 eum.
723 3320 846 3420 (Osee,
866 3343 922 3395 1V.
940 3322 992 3418 6.)

212 3438 296 3515 187.
314 3439 382 3512 Ad
394 3439 704 3536 praecavendum
717 3462 767 3512 ne
780 3439 886 3536 apud
896 3436 1073 3535 juniores
1090 3439 1139 3512 de
1156 3437 1257 3512 clero
1271 3462 1402 3515 sacrae

169 3552 352 3630 scientiae
381 3553 556 3629 studium
584 3578 757 3653 unquam
785 3554 1027 3651 obtorpescat
1056 3560 1126 3628 aut
1154 3555 1400 3648 defervescat,

169 3672 402 3746 mandamus
420 3676 464 3745 ut
486 3694 620 3745 omnes
643 3677 684 3745 et
708 3668 853 3768 singuli
875 3671 1091 3744 sacerdotes
1108 3668 1315 3767 quotannis
1332 3694 1402 3769 per

169 3785 478 3887 quinquennium
495 3785 634 3861 saltem
652 3813 676 3863 a
692 3785 756 3862 die
773 3784 941 3885 suscepti
957 3785 1257 3884 presbyteratus,
1272 3809 1402 3860 coram

169 3902 363 4001 Episcopo
390 3902 524 4000 ejusve
551 3901 727 4001 delegato
754 3909 795 3978 et
821 3901 1148 3976 examinatoribus
1175 3900 1267 3976 cleri
1298 3901 1401 3977 dioe-

168 4017 308 4113 cesani,
343 4016 519 4094 districte
552 4017 823 4094 examinentur
856 4041 974 4116 super
1005 4016 1126 4093 variis
1160 4017 1401 4116 praestitutis

169 4133 447 4210 ecclesiasticae
460 4133 642 4210 scientiae
655 4134 843 4234 partibus,
857 4134 1079 4234 Scripturas
1091 4133 1237 4208 scilicet
1252 4135 1400 4226 Sacrae,

169 4249 402 4349 Theologiae
428 4250 681 4349 Dogmaticae
705 4257 744 4326 et
770 4249 946 4342 Moralis,
965 4250 990 4323 J
993 4248 1072 4325 uris
1096 4249 1289 4343 Canonici,
1309 4248 1400 4324 His·

167 4366 291 4442 toriae
308 4365 611 4461 Ecclesiasticae,
629 4366 687 4442 rei
704 4369 864 4442 demum
882 4366 1114 4465 Liturgicae.

160 4511 174 4542 ⁴
220 4484 305 4560 188.
339 4482 382 4559 Si
407 4482 495 4583 quis
519 4483 652 4558 forsan
677 4483 968 4584 quaestionibus
994 4483 1215 4582 propositis,
1243 4482 1300 4558 uti
1330 4508 1403 4582 par

170 4608 239 4692 est,
268 4624 346 4675 non
377 4598 615 4692 satisfecerit,
642 4599 815 4699 quinque
844 4599 957 4698 annis
987 4598 1141 4698 elapsis,
1167 4606 1227 4674 tot
1253 4597 1402 4674 iteratis
