3142 5242
313 464 421 512 11011
450 464 684 511 1101111111
714 465 929 511 rucuma
958 465 1243 512 1011111111.
1336 449 1397 512 167

163 620 321 720 penitus
349 620 592 719 prohibendi.
658 621 829 696 Provida
859 645 969 696 mens
997 623 1209 695 eorundem
1234 621 1398 696 Patrum

168 736 257 834 (No.
280 739 370 834 396)
392 737 573 812 omnibus
599 736 698 812 serio
724 736 938 836 perpensis,
958 735 1129 812 decrevit
1153 762 1218 812 eos
1244 736 1398 812 nonnisi

164 851 271 927 omni
288 853 463 927 adhibita
479 855 630 928 cautela
647 879 761 952 posse
778 853 964 951 permitti.
1018 853 1103 943 Quo
1123 854 1262 928 melius
1280 853 1400 952 igitur

164 971 335 1067 prudens
369 995 502 1044 eorum
537 969 742 1044 consilium
776 971 893 1044 finem
924 978 1102 1068 optatum
1132 977 1398 1068 consequatur,

165 1110 315 1184 quoque
338 1086 489 1160 facilius
505 1086 571 1160 via
595 1087 645 1161 ad
669 1086 774 1161 mala
793 1112 892 1185 quae
915 1086 1090 1161 timenda
1113 1094 1204 1161 sunt
1229 1093 1268 1160 et
1293 1111 1399 1160 scan-

165 1202 256 1276 dala
289 1203 573 1299 praecludatur,
601 1202 809 1277 statuimus
848 1211 892 1278 ut
930 1202 1153 1302 hujusmodi
1188 1209 1400 1278 conventus

165 1334 365 1416 nunquam
400 1318 542 1394 habere
578 1318 692 1394 liceat
726 1327 912 1394 nocturno
947 1327 1133 1418 tempore,
1164 1345 1288 1418 neque
1323 1317 1398 1393 Do·

165 1434 329 1525 minicia
359 1433 485 1508 Festis
516 1442 584 1509 aut
613 1434 846 1510 esurialibus
871 1436 1020 1529 diebus,
1048 1461 1171 1535 neque
1205 1461 1292 1510 eum
1328 1461 1400 1511 usu

165 1550 361 1649 liquorum
405 1552 465 1649 (11
506 1551 631 1650 aiunt)
678 1550 968 1646 inebriantium,
1009 1551 1100 1627 vino
1140 1559 1180 1627 et
1216 1551 1402 1627 cerevisia

165 1666 336 1742 inclusis,
390 1667 566 1766 Insuper,
596 1676 639 1743 ut
672 1666 807 1743 baberi
842 1669 1005 1768 possint,
1030 1668 1244 1745 necessario
1274 1667 1400 1767 requi·

165 1791 275 1858 ratur
303 1783 344 1859 in
377 1783 542 1883 singulis
576 1784 727 1859 casibus
762 1784 947 1884 Episcopi
980 1785 1148 1860 licentia.
1217 1785 1319 1861 Item
1353 1786 1402 1860 de

166 1900 363 1992 nundinis,
391 1901 509 1999 vulgo
536 1901 653 1994 Fairs,
680 1901 890 1976 statuimus
919 1928 985 1977 eas
1015 1901 1149 1977 haberi
1181 1927 1258 1976 non
1289 1927 1402 2001 pesse

166 2016 381 2091 Dominicis
406 2017 541 2091 diebus
568 2043 692 2117 neque
717 2017 800 2092 sine
825 2017 1009 2117 Episcopi
1035 2018 1202 2112 licentia,
1221 2044 1290 2093 nec
1313 2044 1401 2094 cum

165 2156 240 2207 usu
264 2133 460 2231 liquorum
487 2133 775 2226 inebriantium,
795 2133 878 2209 vini
904 2142 944 2210 et
967 2135 1184 2210 cerevisiae.
1238 2135 1400 2209 Manda-

166 2274 254 2323 mus
280 2274 432 2349 quoque
459 2258 503 2325 ut
527 2252 744 2325 sacerdotes
769 2250 884 2326 illum
911 2252 1088 2344 abusum,
1115 2277 1192 2351 quo
1223 2251 1403 2325 convivia

166 2373 357 2464 parantur
379 2392 467 2440 cum
485 2366 635 2442 choreis
657 2368 792 2465 (Bato)
821 2369 871 2442 ad
894 2392 1013 2465 opera
1036 2366 1103 2466 pia
1125 2369 1401 2466 promovenda,

166 2481 327 2557 omnino
345 2483 563 2558 tollendum
581 2490 727 2559 curent.

216 2602 302 2674 291.
338 2598 449 2673 Nulli
467 2624 558 2674 vero
578 2599 770 2699 Episcopo
794 2600 909 2677 liceat
925 2600 1082 2676 veniam
1105 2599 1274 2676 habendi
1291 2625 1400 2699 prae·

166 2714 289 2791 dictes
315 2722 527 2791 conventus
557 2714 641 2790 sive
671 2717 866 2792 nundinas
892 2719 1109 2810 concedere,
1137 2716 1213 2791 nisi
1243 2716 1401 2816 praevio

166 2830 346 2931 diligenti
389 2832 564 2907 examine
607 2833 808 2908 moraliter
848 2841 975 2908 certus
1021 2833 1074 2908 sit
1118 2833 1227 2907 nulla
1269 2833 1402 2907 adesse

166 2947 345 3047 proxima
388 2948 532 3047 peccati
571 2948 634 3023 vel
677 2948 850 3024 scandali
892 2949 1076 3048 pericula.
1149 2948 1234 3038 Qua
1276 2948 1317 3023 in
1352 2973 1402 3023 re

166 3063 339 3162 graviter
373 3071 557 3138 oneratur
591 3089 726 3139 eorum
756 3064 997 3141 conscicntia.
1055 3063 1201 3139 Animo
1231 3065 1403 3139 recolant

167 3205 312 3272 omnes,
338 3180 612 3279 cujuscumque
641 3183 786 3279 gradus
816 3187 885 3256 aut
913 3180 1063 3256 ordinis
1093 3180 1182 3274 sint,
1209 3181 1402 3255 Ecclesiae

167 3294 350 3389 ministri,
385 3295 567 3395 pecunias
610 3295 755 3395 iniquis
794 3296 934 3371 mediis
972 3305 1217 3394 comparatas
1252 3297 1402 3372 nullam

167 3410 265 3510 ipsis
289 3420 359 3487 aut
381 3411 575 3488 Ecclesiae
597 3412 819 3506 utilitatem,
837 3415 905 3488 sed
928 3411 1029 3487 iram
1054 3411 1127 3487 Dei
1151 3421 1191 3488 et
1213 3412 1402 3488 ultionem

167 3527 298 3628 potius
316 3529 515 3604 allaturas.
1306 3594 1313 3614 2

218 3647 305 3720 292.
340 3645 464 3720 Fama
485 3647 561 3720 fert
582 3647 695 3745 (quae
718 3646 869 3721 utinam
892 3645 1021 3721 inanis
1045 3649 1287 3745 mendaxque
1311 3645 1398 3742 siti)

168 3761 369 3836 nonnullis
403 3761 444 3836 in
478 3760 573 3837 loeis
607 3760 775 3836 inveniri
809 3764 1027 3837 sacerdotes
1060 3761 1139 3861 qui,
1172 3762 1237 3837 ubi
1271 3762 1403 3860 gravis

168 3878 285 3975 eulpa
301 3902 379 3952 non
404 3883 576 3976 apparet,
594 3877 886 3952 sacramentalis
904 3877 1158 3952 absolutionis
1176 3879 1402 3953 beneficium

169 3995 364 4092 denegant
388 3994 578 4087 fidelibus,
605 3992 672 4092 qui
703 3994 832 4068 nolint
858 3993 1029 4069 collectis
1055 3995 1196 4092 stipem
1222 3996 1327 4086 dare,
1354 3996 1404 4069 ad

169 4134 288 4208 quam
314 4111 387 4185 sub
412 4117 566 4208 peccato
591 4108 703 4208 gravi
729 4109 853 4184 teneri
880 4134 958 4185 non
983 4118 1149 4202 constet3
1179 4110 1259 4184 imo
1285 4110 1403 4185 etiam
1509 4207 1512 4212 ι

175 4227 294 4324 (quod
328 4226 443 4324 longe
477 4225 744 4300 detestabilius
778 4232 851 4325 est)
886 4226 1175 4324 aegrotantibus
1209 4252 1254 4300 ac
1287 4226 1404 4301 morti

170 4341 360 4439 proximis
403 4341 589 4417 adsistere
626 4367 670 4416 ac
708 4349 950 4417 sacramenta
992 4343 1176 4441 praebere
1213 4351 1403 4417 recusant.

170 4457 250 4532 Vix
292 4459 468 4533 animum
510 4457 694 4533 inducere
736 4484 954 4557 possumus,
994 4466 1038 4533 ut
1079 4459 1281 4557 quidpiam
1322 4466 1404 4534 tam

172 4581 283 4649 atrox
309 4581 350 4649 11
372 4573 580 4673 indignum
610 4577 659 4650 de
684 4562 932 4650 ecclesiarum
963 4582 1185 4649 nostrarum
1216 4574 1405 4649 ministris

171 4690 424 4789 suspicemur.
477 4689 518 4766 si
545 4690 633 4790 quis
658 4716 751 4766 vero
777 4689 928 4785 existat,
955 4690 1022 4790 qui
1051 4692 1129 4766 tale
1159 4690 1254 4790 quid
1283 4699 1405 4766 atten-
