3142 5242
138 438 201 500 124
270 454 671 508 vrruuusv11.-1›n
700 461 919 509 uocrarua
949 463 1239 510 cnarsrrnrvn.

136 633 276 707 porum
296 612 541 710 vigilantiam
559 615 724 693 excitare
750 642 827 692 non
854 619 1210 717 praetermisemnt
1261 619 1368 718 (Litt

137 725 293 826 Encycl.
326 728 389 804 Pii
424 731 499 805 IX.
533 733 604 820 Qui
630 733 806 832 pluribus,
832 736 859 808 9
892 734 993 810 Nov.
1026 736 1135 828 1846,
1161 741 1202 810 et
1228 732 1369 811 Leonis

137 840 257 917 XIII.
283 845 366 920 Etsi
392 846 480 939 Nos,
503 849 552 922 15
579 848 672 924 Feb.
700 850 828 948 1882.)
854 850 991 926 Patres
1013 850 1133 926 etiam
1157 852 1369 950 superioris

137 956 299 1035 Concilii
343 961 516 1038 Plenarii
559 963 734 1062 singulos
777 965 997 1041 animarum
1039 975 1217 1066 pastores
1260 968 1370 1043 enixe

137 1074 280 1152 hortati
307 1087 399 1155 sunt
433 1088 513 1155 “ut
538 1081 672 1156 fideles
696 1081 771 1157 sibi
805 1083 1031 1158 commissos
1066 1092 1105 1158 et
1138 1085 1370 1182 praesertim

136 1195 436 1292 patresfamilias
480 1222 595 1296 saepe
641 1198 888 1298 graviterque
930 1208 1114 1276 moneant
1160 1207 1205 1277 ut
1252 1200 1371 1276 libros

136 1333 408 1411 quoscumque,
434 1312 574 1411 quibus
607 1313 745 1413 religio
780 1321 848 1390 aut
880 1315 973 1390 boni
1008 1342 1135 1392 mores
1170 1317 1276 1392 laedi
1305 1327 1372 1392 aut

136 1424 276 1504 violari
306 1436 479 1528 possunt,
510 1431 644 1530 procul
675 1456 698 1505 a
732 1456 773 1506 se
807 1431 963 1530 suisque
993 1434 1173 1509 domibus
1204 1442 1369 1526 arceant,

136 1545 346 1644 seduloque
397 1545 606 1646 invigilent
651 1572 700 1623 ne
745 1546 916 1623 filiorum
960 1557 1028 1624 aut
1068 1550 1370 1626 domesticorum

136 1661 316 1738 manibus
360 1663 574 1738 terantur.’'
655 1663 745 1762 (No.
783 1665 887 1764 495.)
969 1665 1078 1741 Haec
1115 1666 1250 1741 omnia
1282 1667 1370 1764 jure

136 1777 275 1854 meritc
307 1780 410 1854 dicta
443 1787 546 1873 sunt,
572 1780 765 1878 siquidem
794 1780 858 1856 lex
891 1781 1027 1857 divina
1054 1789 1161 1857 vetat
1191 1808 1241 1858 ue
1271 1783 1368 1882 peri·

135 1895 221 1969 culo
270 1895 447 1996 proximo
495 1897 742 1995 naufragium
789 1896 955 1971 faciendi
998 1897 1099 1972 circa
1142 1899 1261 1974 fidem
1305 1908 1371 1975 aut

135 2009 257 2087 bonos
287 2038 414 2087 moros
445 2012 531 2111 quis
558 2018 704 2087 temere
731 2038 773 2088 se
802 2022 981 2111 exponat.

186 2127 418 2205 Confessarii
435 2136 475 2204 et
490 2127 775 2204 concionatores
796 2130 931 2204 sedulo
951 2155 1046 2229 prae
1063 2131 1184 2206 oculis
1202 2131 1370 2207 habeant

134 2246 289 2344 regulas
315 2272 339 2320 a
363 2243 554 2343 theologis
579 2246 743 2320 traditas
767 2246 867 2320 circa
892 2246 1048 2344 eosqui
1075 2247 1207 2336 libros
1234 2248 1368 2340 diaria,

135 2361 288 2462 aliaque
315 2361 458 2459 scripta
485 2361 547 2435 vel
579 2362 764 2436 damnata
792 2362 854 2437 vel
886 2364 1110 2438 damnanda
1136 2363 1276 2462 legunt
1305 2373 1370 2439 aut

134 2478 314 2572 retinent,
350 2502 489 2576 easque
523 2476 564 2550 iu
599 2477 710 2576 praxi
749 2479 946 2576 applicare
982 2480 1174 2554 studeant.
1246 2481 1367 2555 Audi·

134 2602 237 2670 toros
262 2620 352 2671 suos
374 2595 536 2669 doceant
556 2593 688 2691 gravis
715 2593 844 2668 delicti
868 2619 954 2669 reos
976 2620 1060 2669 esse
1077 2594 1144 2694 qui
1170 2596 1309 2695 legunt
1332 2606 1370 2672 et

135 2713 239 2809 apud
267 2737 308 2786 se
333 2709 504 2785 retinent
530 2710 673 2808 absque
695 2709 804 2806 justa
831 2735 946 2784 causa
973 2711 1093 2784 libros
1121 2712 1367 2810 perniciosos.

135 2828 381 2925 Argumenta
407 2833 447 2901 et
471 2826 649 2922 exempla
678 2825 759 2900 illis
785 2852 863 2901 non
890 2828 1063 2918 deerunt,
1090 2828 1233 2926 quibus
1258 2829 1369 2904 facile

136 2944 418 3036 monstrabunt,
436 2966 571 3016 omnes
594 2940 712 3015 etiam
733 2941 904 3039 optimae
927 2942 1071 3016 indolis
1095 2943 1285 3036 homines,
1303 2945 1369 3043 qui

135 3066 278 3134 temore
295 3059 428 3157 pravis
447 3057 674 3132 lectionibus
695 3082 777 3132 sese
796 3060 995 3151 dederunt,
1013 3059 1116 3133 infici
1138 3054 1204 3134 lue
1222 3061 1369 3135 exitiali

134 3201 232 3274 quac
259 3176 391 3249 lumon
417 3173 507 3250 fidei
538 3174 578 3246 in
606 3175 803 3249 inentibus
826 3174 1019 3274 extinguit
1043 3183 1083 3250 et
1108 3201 1264 3252 morum
1290 3202 1368 3251 cas·

135 3291 285 3368 titntcrn
320 3290 544 3388 corrumpit.
616 3290 702 3364 Illis
737 3291 856 3365 etiarn
891 3290 1066 3389 impense
1100 3295 1294 3368 suadeant
1327 3302 1369 3368 ut

136 3409 308 3483 novellas
332 3414 371 3482 et
396 3407 662 3505 ephemerides
688 3406 902 3481 saeculares
926 3432 1040 3506 parce
1065 3408 1209 3506 legant,
1235 3435 1367 3508 quam·

136 3525 193 3599 vis
220 3525 313 3600 uuili
340 3550 433 3622 prae
461 3550 500 3597 se
527 3530 659 3621 aperte
685 3548 763 3597 non
789 3525 915 3598 ferant
941 3524 1210 3623 suspicionem.
1265 3526 1367 3601 Nam

134 3642 290 3716 stsaidua
325 3667 457 3715 eorum
495 3640 655 3714 lectione
697 3640 857 3738 grandis
891 3643 935 3715 fit
972 3641 1125 3738 jactura
1167 3643 1366 3742 temporis

135 3784 242 3833 ulons
269 3758 319 3833 ad
346 3782 472 3830 meras
500 3755 691 3830 vanitates
717 3764 757 3830 et
785 3756 957 3830 insanias
986 3758 1102 3832 falsas
1128 3758 1220 3857 plus
1246 3784 1367 3858 aequo

132 3874 381 3965 ‹mnvcrtitun
408 3881 447 3946 et
475 3872 629 3946 devotio
657 3873 858 3947 minuitur.
911 3872 1019 3962 Quae
1046 3873 1190 3971 potiori
1217 3875 1367 3949 ratione

133 3991 234 4066 «licta
269 3991 449 4064 volumus
484 3990 532 4063 de
566 3988 724 4082 clericis,
759 3988 825 4087 qui
868 3990 994 4064 forma
1027 3989 1119 4063 facti
1156 3991 1290 4090 gregis
1322 4017 1365 4065 ex

132 4108 261 4181 nnivnc
281 4132 351 4205 pro
370 4131 482 4204 posse
504 4104 730 4179 lectionibus
752 4104 869 4178 sacris
888 4112 927 4179 et
943 4104 1125 4203 regimini
1142 4106 1365 4181 animarum

133 4224 200 4299 toti
226 4222 448 4298 incumbere
467 4222 618 4296 debent.

183 4344 267 4417 225.
295 4339 443 4427 “Quod
469 4337 502 4411 si
529 4362 731 4435 perversos
758 4339 877 4413 libros
903 4346 942 4412 et
967 4338 1119 4413 libellos
1132 4340 1153 4372 ''
1178 4365 1223 4414 ac
1249 4341 1365 4416 etiam

131 4457 398 4559 ‹plvcnrcrides
430 4455 570 4528 “omni
602 4480 679 4552 qua
712 4454 905 4553 pollemus
935 4453 976 4529 vi
1011 4480 1032 4529 e
1065 4455 1194 4530 medio
1230 4457 1365 4530 tollere

131 4577 351 4664 violavimus,
371 4570 469 4645 nihil
492 4580 666 4667 exparte
686 4578 820 4644 nostra
840 4571 1230 4668 praetermittendum
1254 4598 1364 4671 opor·
