3142 5242
619 454 674 500 na
703 455 961 502 nrnnrrous.
1345 437 1407 503 ‘237

170 611 280 695 faeere,
302 620 339 676 ut
363 621 486 677 constat
510 634 551 676 ex
572 610 667 676 dictis
693 612 826 676 Litteris
851 611 1069 694 circularibus,
1091 634 1201 676 earum
1225 610 1408 677 Ordinariis

168 714 385 801 permittendi,
416 718 489 799 “ut,
514 715 598 780 iusto
623 722 650 779 ot
675 716 769 799 proci
796 737 894 780 causo
921 716 1127 799 iruercoclentc,
1152 716 1321 779 sacerdotes
1347 714 1408 778 citi

167 819 283 883 subditi
303 821 394 884 ctiam
409 843 473 906 pro
494 820 631 884 secundo
650 820 746 883 misso
766 819 802 882 in
823 819 929 882 codem
950 819 1000 882 dic
1021 817 1204 882 celebranto
1223 818 1408 904 macedium

162 925 321 1009 percipere
336 924 457 1010 posunt
471 946 511 989 oc
523 921 676 988 caeco?

212 1031 242 1093 9.
279 1027 401 1112 Quinto
447 1028 582 1093 Necesse
609 1026 739 1092 tandem
765 1050 830 1092 non
855 1036 903 1093 est
926 1027 1088 1110 adnotare,
1115 1027 1316 1093 interdictam
1341 1049 1407 1092 esse

166 1131 320 1197 sacerdoti
337 1132 452 1197 missae
470 1132 679 1214 iterationem,
694 1132 819 1218 quoties
837 1130 921 1196 alius
935 1131 1046 1196 haberi
1067 1133 1168 1217 possit
1180 1131 1334 1214 sacerdos,
1349 1132 1406 1218 qui

166 1235 280 1322 populi
305 1236 483 1301 necessitati
504 1235 611 1303 valent
635 1235 825 1318 satisfacere,
847 1258 903 1300 ceu
929 1258 1075 1322 expresse
1099 1234 1190 1301 docet
1215 1236 1407 1300 Benedictus

167 1339 273 1409 XIV.
303 1340 340 1405 in
371 1340 468 1405 citata
495 1339 622 1406 constit.
659 1339 838 1404 Declaroati
863 1339 971 1405 Nobis.
1032 1340 1143 1426 Atque
1171 1339 1249 1404 hinc
1276 1348 1333 1423 ast,
1358 1349 1405 1422 ut,

165 1445 354 1530 priusquam
375 1443 565 1508 admittatur
585 1444 699 1508 missae
719 1442 855 1526 iterati0,
870 1443 1049 1509 videndum
1069 1443 1121 1526 sit,
1136 1466 1215 1507 num
1235 1443 1368 1531 aliquod
1388 1466 1406 1509 e

166 1547 315 1612 remediis
344 1570 365 1613 a
395 1548 465 1612 iure
492 1547 674 1613 constitutis
703 1556 852 1633 suppetat
883 1547 926 1612 ad
956 1547 1215 1634 prospiciendum
1245 1547 1406 1634 spirituali

166 1650 279 1737 populi
295 1652 470 1716 necessitati
480 1676 490 1732 ;
511 1661 608 1738 atque
626 1651 788 1737 imprimis
806 1659 933 1716 tenetur
952 1651 1020 1737 ipse
1039 1650 1196 1737 parochus
1210 1651 1405 1737 stipendium

165 1754 258 1819 alteri
279 1755 435 1820 sacerdoti
455 1754 679 1841 suppeditare3
709 1754 813 1841 posita
833 1764 939 1820 summ
965 1756 1034 1820 eius
1060 1755 1258 1840 impotentia,
1281 1765 1425 1821 tenetur'

164 1858 304 1946 populus
312 1884 322 1940 ;
341 1867 374 1923 et
387 1859 534 1946 denique,
549 1858 695 1946 sineque
709 1857 848 1944 populus
862 1857 904 1924 ob
917 1867 1137 1944 paupertatem
1151 1857 1193 1923 ad
1208 1858 1243 1923 id
1257 1859 1405 1945 compelli

164 1972 280 2049 posset,
296 1962 490 2028 Ordinarius
503 1962 652 2048 supplere
666 1959 848 2028 teneretur.¹

212 2069 263 2132 10.
293 2066 459 2132 Hactenus
478 2064 520 2131 de
537 2066 672 2150 casibuS,
694 2065 868 2152 inquibus
889 2066 1051 2153 prohibita
1070 2075 1118 2132 est
1136 2068 1251 2133 musae
1269 2067 1404 2134 iteratio.

164 2170 222 2236 Ad
236 2192 327 2236 meus
341 2170 428 2257 quod
442 2171 567 2253 attinet,
579 2170 614 2235 in
627 2170 744 2256 quibus
758 2169 800 2234 ad
815 2169 875 2235 hoc
888 2170 1041 2256 requisita
1053 2172 1221 2235 necessitas
1234 2174 1404 2255 concurrit,

164 2276 302 2361 expositi
322 2275 376 2339 isti
391 2275 426 2339 in
439 2275 565 2340 constit.
581 2273 759 2338 Decloroati
772 2273 872 2338 Nobis
886 2274 1106 2340 inveniuntur.
1151 2273 1226 2340 Hac
1240 2275 1275 2339 in
1289 2277 1405 2341 eonsti-

164 2380 290 2445 tutione
304 2378 521 2444 consideratur
539 2378 574 2442 in
594 2378 719 2464 primis,
734 2378 827 2442 iuxta
840 2378 1025 2442 unanimem
1038 2377 1262 2464 theologorum
1276 2403 1405 2445 eonsen-

164 2504 237 2548 sum
267 2483 410 2570 permitti
440 2483 641 2547 iterationem
670 2482 784 2546 missae
811 2481 975 2564 sacerdoti,
1010 2482 1099 2568 “qui
1126 2482 1208 2548 doce
1234 2484 1406 2570 parochiae

165 2587 374 2670 collocuturi
396 2586 475 2651 duos
498 2587 633 2673 populos
661 2586 740 2650 odeo
767 2585 924 2669 aduodes,
946 2592 982 2650 ut
1005 2587 1083 2650 alter
1102 2587 1242 2672 ipsorum
1264 2589 1405 2674 parocho

164 2691 327 2756 celebranti
340 2712 401 2776 per
414 2690 480 2755 dice
492 2690 590 2775 festos
603 2689 709 2754 odore
721 2689 807 2754 nullo
819 2689 910 2752 modo
925 2690 1025 2776 poscit
1038 2689 1076 2754 ol>
1090 2690 1224 2754 locoraun
1237 2692 1406 2756 mammam

165 2792 377 2860 daunrumf’
421 2795 532 2882 Atque
551 2792 605 2859 hic
623 2802 672 2859 est
689 2794 815 2880 primus
834 2801 867 2859 et
885 2793 1086 2859 communior
1103 2817 1212 2860 ‹asusr
1241 2795 1333 2881 alter,
1348 2797 1405 2883 qui

165 2898 285 2964 ibidem
299 2908 486 2981 recensetur,
501 2909 559 2981 est,
579 2901 600 2933 “
610 2899 736 2984 pondo
755 2920 823 2962 utro
841 2904 961 2962 tontum
978 2899 1019 2962 ait
1037 2899 1169 2982 cocheio
1183 2899 1220 2963 in
1233 2923 1298 2986 quo
1311 2902 1405 2966 muso
1461 2909 1465 2917 '

165 3003 342 3086 oelcbrotm,
357 3009 384 3066 et
398 3003 443 3067 od
457 3025 551 3089 prom
564 3003 691 3066 insimul
702 3003 863 3065 univerae
875 3002 1015 3088 popolus
1028 3004 1186 3067 cmoenirc
1198 3026 1263 3068 non
1275 3004 1405 3091 potcst.''

211 3110 263 3173 11.
294 3107 336 3171 In
357 3107 408 3172 his
427 3107 551 3171 casibus
570 3106 679 3171 iterari
698 3107 796 3170 missa
814 3105 1033 3192 potestatium
1052 3104 1095 3171 ab
1113 3105 1164 3189 iis,
1180 3108 1238 3193 qui
1257 3106 1406 3174 facultate

165 3234 230 3277 non
245 3221 323 3276 sunt
341 3211 452 3276 donati
471 3233 529 3297 per
543 3210 727 3294 Formulas,
741 3232 823 3296 quae
836 3207 965 3275 concedi
979 3209 1083 3274 solent
1102 3233 1160 3297 per
1174 3211 1207 3277 S.
1224 3211 1406 3300 Congrege-

166 3317 287 3380 tionem
302 3314 397 3380 Fidei
416 3312 639 3401 propagandae
652 3314 876 3399 praepositam,
890 3336 965 3377 eum
979 3312 1014 3378 id
1032 3313 1184 3379 concedat
1198 3315 1306 3402 ipsum
1320 3340 1406 3382 eorn-

167 3442 263 3484 mune
277 3419 337 3502 ius,
352 3441 476 3504 semper
489 3426 596 3483 tamen
611 3416 825 3504 dependenter
837 3416 880 3481 ab
898 3416 1084 3501 Ordinario,
1098 3416 1140 3482 ad
1157 3442 1254 3505 quern
1269 3423 1406 3507 pertinet

165 3532 236 3588 tum
255 3522 296 3588 de
310 3546 388 3589 vera
402 3523 592 3604 neeessitate,
607 3529 679 3586 tum
698 3520 739 3586 de
757 3520 967 3607 possibilitate
985 3522 1135 3586 canonica
1149 3524 1289 3589 remedia
1301 3525 1406 3612 appli-

166 3628 260 3693 candi
285 3628 369 3692 ferre
393 3626 584 3691 sententiam
609 3625 651 3712 (ἓ.
676 3623 720 3713 9).
769 3624 905 3708 Revera,
926 3624 1083 3691 eiusmodi
1109 3626 1223 3692 mediis
1247 3626 1406 3713 indicatis,

167 3731 358 3797 Benedictus
379 3729 487 3798 XIV.
502 3730 687 3816 subiungit:
715 3732 735 3765 ‘⁴
751 3729 840 3813 Quae
857 3728 918 3792 huc
936 3751 1031 3814 euqroe
1049 3730 1134 3794 dioc
1153 3738 1235 3814 eunt,
1250 3736 1407 3797 moeonia

166 3837 257 3900 aiom
282 3833 478 3919 qmoolibue
501 3833 711 3898 coerctionibus
736 3831 944 3901 incuuarre
997 3833 1089 3913 Quin
1115 3834 1181 3901 ime
1205 3858 1335 3902 concers
1359 3848 1408 3903 est

166 3939 389 4025 theologorum
403 3938 523 4027 opinio,
538 3935 809 4024 quemadmodum
830 3946 863 4002 et
883 3936 953 4022 ipse
972 3936 1163 4004 Benedictus
1180 3939 1288 4008 XIV.
1303 3941 1407 4006 anim-

166 4043 315 4126 advertit,
338 4043 373 4107 in
398 4064 473 4106 casu
499 4042 596 4106 unius
621 4040 752 4127 parochi
776 4064 851 4105 cum
877 4040 1002 4106 duabus
1023 4043 1186 4127 paroeciis,
1209 4045 1407 4130 “porcetum

165 4148 279 4212 udum
294 4170 396 4233 pocae,
410 4146 464 4210 sed
479 4147 578 4232 plone
596 4145 690 4209 ίεηενὶ
708 4144 756 4208 bia
775 4145 877 4208 eodem
895 4144 946 4208 die
964 4146 1089 4209 musam
1107 4146 1288 4213 celebrurc.''
1297 4146 1309 4184 ²
1353 4148 1406 4213 Ex

166 4252 284 4340 quibus
303 4250 398 4315 facile
416 4250 632 4335 consequitur,
647 4248 819 4314 articulum
835 4247 1076 4333 Formularum,
1090 4272 1161 4314 cum
1183 4250 1226 4316 sit
1246 4251 1407 4317 facultati·

201 4426 283 4480 'Beu
294 4426 374 4480 XIV.
386 4427 435 4479 loc,
448 4425 493 4479 eit.
506 4425 605 4477 Votum
622 4423 700 4476 Card.
713 4423 810 4474 Zelada
830 4423 949 4476 Thraeca
965 4425 1137 4477 resolutionem
1152 4426 1226 4479 Tem.
1238 4429 1270 4478 37
1283 4427 1313 4479 in
1329 4445 1408 4479 cause

167 4509 327 4563 Derthusen.
339 4512 372 4562 26
383 4509 500 4576 Augusti
512 4510 586 4560 1768.

200 4592 259 4646 'De
270 4595 332 4660 Syn
345 4592 435 4646 Dioec.
447 4593 478 4645 L
491 4591 542 4644 VI.
554 4608 610 4658 cap.
623 4591 705 4643 Vlll.
717 4609 743 4642 n.
756 4594 780 4642 2.
