3142 5242
544 474 599 521 nu
628 475 1033 532 ouns1-uoure1n10.
1345 460 1410 523 255

168 632 245 700 vult
258 633 439 698 animarum
453 642 613 698 curatores
627 633 770 721 aliosque
780 633 898 719 quibus
912 632 1067 699 fovendae
1081 633 1165 698 inter
1179 632 1410 699 Christifideles

167 759 297 803 morum
319 736 492 803 honestatis
512 761 590 804 eura
610 737 801 803 demandata
821 746 879 822 est,
899 745 937 803 ut
958 737 1133 825 prudenter
1152 737 1295 825 quidem,
1312 746 1409 824 prout

167 841 215 905 rei
225 850 341 905 natura
355 841 506 926 postulat,
517 841 686 907 efficaciter
694 850 802 907 tamen
813 841 977 906 elaborent
990 841 1066 907 huic
1077 841 1211 906 facinori
1226 841 1408 907 insectando

167 952 201 1009 et
219 943 367 1010 fidelibus
387 944 430 1010 ab
448 944 569 1029 eodem,
584 945 757 1033 propositis
776 945 887 1032 poenis
908 945 1026 1032 quibus
1046 944 1178 1010 obnoxii
1197 946 1290 1028 fiunt,
1305 944 1409 1010 deter-

166 1047 285 1114 randis.

211 1150 336 1217 Datum
351 1152 474 1218 Romae
488 1177 528 1218 ex
543 1153 730 1219 mnoellaria
744 1153 777 1220 S.
794 1153 836 1220 O.
851 1153 905 1218 die
920 1156 962 1218 25
977 1154 1000 1220 J
1002 1154 1071 1219 unii
1089 1158 1182 1220 1885.

1007 1291 1049 1357 D.
1066 1290 1178 1358 Cano.
1195 1291 1361 1358 Menneu.

230 1555 435 1632 Emsrom
470 1558 569 1634 Em.
600 1558 724 1635 Onus.
761 1559 931 1634 Parrum
967 1581 1021 1633 nn
1056 1557 1346 1633 Marmuouns

393 1674 694 1749 Cunnnnsrrms
721 1696 770 1749 nr
796 1674 1180 1764 (turer-Domuum.

621 1841 694 1929 [Ad
710 1866 747 1928 p.
772 1845 824 1924 63,
848 1865 873 1907 c.
895 1842 953 1929 ΙΙ.]

164 1995 194 2060 I
193 1996 270 2062 llme.
294 2019 334 2060 ac
353 1994 441 2063 Rme.
462 1996 596 2061 Domine
617 1997 664 2059 aa
676 1995 792 2079 frater.

210 2099 310 2186 Saepe
329 2099 370 2165 ad
390 2100 473 2164 hano
492 2100 606 2166 sedem
629 2099 850 2186 Apostolieam
869 2101 994 2167 delatae
1012 2109 1089 2167 sunt
1111 2103 1344 2168 controversiae
1365 2101 1406 2167 de

164 2202 296 2268 illorum
320 2204 544 2288 matrimoniis
566 2204 624 2291 qui
646 2226 719 2268 curn
742 2204 922 2291 pertineant
942 2203 984 2270 ad
1010 2205 1079 2271 loca
1100 2207 1134 2271 in
1156 2207 1276 2294 quibus
1296 2206 1406 2294 publi-

164 2316 272 2373 catum
291 2318 339 2373 est
357 2308 517 2373 decretum
540 2308 679 2374 Concilii
696 2307 881 2374 Tridentini
900 2308 941 2373 de
959 2308 1222 2394 clandestinitate,
1237 2309 1279 2375 ad
1298 2310 1404 2376 locum

164 2434 199 2477 se
211 2411 381 2477 conferunt
399 2411 434 2476 in
450 2435 514 2499 quo
529 2394 614 2476 illud
633 2411 833 2499 publicatum
854 2435 920 2476 non
940 2423 997 2495 est,
1012 2422 1050 2478 ut
1064 2412 1196 2477 liberius
1215 2414 1262 2478 ibi
1281 2415 1406 2500 possint

164 2515 305 2580 maritali
330 2516 456 2581 foedere
481 2517 633 2603 coniungi
662 2516 743 2581 citra
767 2516 839 2581 illas
863 2515 1067 2581 difficultates
1089 2517 1208 2603 quibus
1237 2518 1272 2582 in
1301 2519 1405 2605 patria

164 2619 423 2706 praepediuntur.
480 2618 564 2684 Inde
589 2630 620 2684 et
649 2618 857 2706 gravissimae
881 2619 922 2685 de
946 2620 1115 2686 validitate
1138 2623 1347 2707 quaestiones,
1372 2631 1404 2687 et

163 2723 354 2810 gravissima
375 2724 474 2789 simul
496 2724 699 2802 incommoda
712 2724 791 2789 oriri
811 2724 924 2808 solent,
939 2733 1107 2812 quae'non
1129 2724 1226 2791 modo
1247 2726 1403 2791 incertum

163 2835 274 2893 tenent
292 2850 454 2893 sacrorum
468 2828 664 2893 Antistitum
679 2829 823 2892 animum
838 2829 873 2893 in
892 2828 1073 2912 iudicand0‚
1088 2851 1203 2895 verum
1221 2829 1317 2894 etiam
1332 2852 1405 2915 pas-

165 2932 299 2997 toralem
318 2931 501 2997 eorumdem
518 2932 622 2997 zelum
637 2931 841 2998 vehementer
854 2942 1065 2997 commovent.
1111 2932 1168 2998 Ad
1187 2933 1264 2997 haee
1283 2933 1406 2999 inoom-

164 3036 261 3102 moda
281 3036 475 3101 removenda
496 3035 626 3102 SSmus.
649 3035 812 3101 Dominus
834 3036 954 3102 Noster
975 3036 1055 3101 Pius
1077 3037 1167 3122 Papa
1190 3036 1258 3103 IX.
1277 3059 1336 3124 pro
1357 3060 1405 3122 ea,

164 3164 230 3229 qua
254 3140 396 3205 maxime
421 3149 554 3227 urgetur
578 3141 677 3205 totius
699 3140 854 3205 dominici
878 3140 985 3227 gregis
1009 3139 1236 3223 sollieitudine,
1258 3141 1404 3205 animum

164 3244 327 3328 adiiciens,
342 3245 425 3309 hano
443 3267 510 3310 rem
531 3244 778 3309 examinandam
792 3243 1089 3330 discutiendamque
1107 3245 1267 3309 commisit
1286 3245 1405 3331 Supre-

165 3371 236 3415 mae
257 3349 504 3435 Congregationi
528 3348 561 3414 S.
578 3348 696 3430 Officii,
717 3357 749 3412 et
770 3348 899 3412 interim
921 3347 1004 3413 hanc
1024 3347 1065 3412 ad
1087 3357 1119 3412 te
1139 3347 1216 3413 dare
1237 3349 1404 3434 epistolam

165 3453 332 3518 mandavit
350 3460 389 3516 ut
406 3452 583 3540 significare
597 3452 680 3519 velis
694 3450 781 3539 quod
801 3451 841 3516 de
860 3451 968 3516 eadem
988 3474 1022 3516 re
1041 3452 1140 3516 sentis
1160 3461 1191 3517 et
1211 3454 1405 3538 experientia

165 3557 330 3645 cognitum
345 3555 451 3623 habes.
1338 3623 1339 3628 ,

208 3661 343 3727 Certum
367 3660 497 3747 quidem
523 3670 580 3744 est,
604 3684 732 3748 perrara
755 3683 791 3726 ea
817 3659 885 3726 fore
909 3660 1122 3744 matrimonia,
1146 3661 1326 3747 dequibus
1352 3662 1408 3727 hie

165 3765 282 3852 agitur,
304 3765 332 3829 si
354 3765 520 3830 canonicae
541 3766 802 3852 praescriptiones
824 3763 865 3830 de
885 3764 1155 3851 quasidomicilio
1177 3765 1218 3830 ab
1240 3767 1289 3849 iis,
1308 3767 1365 3852 qui
1387 3789 1404 3831 e

166 3870 235 3935 loeo
260 3869 396 3957 profecti
422 3869 479 3934 ubi
504 3869 558 3933 lex
583 3868 774 3934 Tridentina
798 3869 840 3934 de
864 3868 1116 3933 clandestinitate
1141 3870 1231 3957 viget
1259 3870 1301 3935 ad
1330 3893 1403 3935 eum

166 3982 305 4061 pergunt
329 3973 387 4037 ubi
416 3996 481 4039 non
503 3975 603 4059 viget,
624 3972 794 4059 diligenter
818 3983 1024 4059 accurateque
1049 3974 1171 4038 servari
1196 3976 1402 4061 contingeret.

167 4077 375 4164 Perspectum
396 4078 483 4143 enirn
506 4077 568 4142 tibi
591 4077 857 4163 exploratumque
875 4084 923 4141 est
941 4077 1028 4162 quod
1050 4099 1070 4140 a
1094 4077 1127 4143 S.
1151 4078 1408 4165 Congregatione

167 4180 305 4247 Concilii
334 4180 524 4268 iampridem
548 4179 717 4245 delinitum
743 4188 775 4244 et
798 4180 918 4246 summi
946 4180 1112 4245 Pontificio
1138 4181 1266 4248 Urbani
1293 4182 1403 4251 VIII.

166 4286 354 4351 auctoritate
375 4286 599 4350 confirmatum
622 4285 727 4349 estin
751 4285 843 4351 brevi
866 4284 954 4373 quod
977 4284 1091 4371 incipit
1114 4285 1243 4371 Eepoai
1263 4286 1351 4351 nobis
1373 4296 1406 4352 et

167 4399 280 4477 rogatu
305 4389 548 4476 Archiepiscopi
574 4388 775 4455 Coloniensis
797 4388 920 4454 editum
946 4388 1010 4453 fuit
1037 4388 1090 4453 die
1118 4392 1160 4454 14
1184 4391 1327 4477 Augusti
1351 4413 1403 4457 an.

169 4496 264 4560 1627.
310 4492 411 4559 quta
434 4515 576 4580 eaquae
602 4492 637 4558 in
662 4493 723 4559 hoo
747 4493 872 4559 decreto
896 4493 1092 4575 sanciuntur,
1119 4493 1176 4578 qui
1205 4493 1404 4559 domicilium

169 4596 287 4664 habent
304 4607 337 4663 et
355 4598 494 4663 retinent
515 4598 549 4663 in
573 4596 642 4663 loeo
664 4597 721 4663 ubi
735 4597 928 4663 Tridentina
943 4596 996 4662 lex
1011 4597 1101 4683 viget
1122 4606 1284 4684 nequeunt
1298 4597 1408 4664 valide

170 4702 411 4768 matrimonium
433 4702 516 4768 inire
538 4701 574 4766 in
598 4701 668 4767 loeo
691 4700 748 4767 ubi
771 4722 836 4765 non
858 4701 959 4789 viget,
982 4700 1045 4765 nisi
1070 4699 1117 4765 ibi
1140 4700 1260 4766 nedum
1282 4699 1410 4766 habita-
