3142 5242
169 432 234 495 250
663 452 906 499 arrnxnrx.

167 604 325 671 foeminae
350 606 396 672 ita
420 608 464 673 sit
487 618 671 696 propugata,
694 618 731 673 ut
755 607 856 673 alium
882 608 969 695 paris
993 606 1196 689 conditionis,
1217 607 1272 671 eni
1295 605 1406 688 nubat,

168 708 314 775 invenire
342 722 486 799 nequmt,
516 712 578 777 nisi
612 712 881 798 consanguineum
910 710 963 776 vel
991 711 1130 794 affinem,
1158 711 1300 797 patriam
1328 733 1407 775 veru

166 811 307 879 deserere
320 815 363 879 sit
377 815 406 880 ei
420 816 551 882 durum.

212 920 242 983 2.
266 919 363 983 Acten
372 919 530 1004 foeminae
548 921 761 1007 superadulta,
774 921 803 985 si
824 920 943 987 seilicet
965 922 1043 985 24⁸¹
1061 919 1172 985 aetatis
1193 942 1319 984 annum
1341 920 1403 983 iam

165 1043 290 1108 egressa
319 1022 471 1089 haetenus
495 1025 604 1090 virum
633 1025 719 1111 paris
747 1025 948 1107 conditionis,
971 1024 1024 1089 cui
1053 1023 1172 1088 nubere
1200 1023 1315 1110 pooeit,
1339 1045 1405 1087 non

166 1125 302 1193 invenit.
347 1127 440 1193 Haec
462 1152 540 1195 vero
562 1152 656 1194 musa
679 1128 765 1193 baud
789 1126 982 1214 suffragatur
1005 1127 1132 1210 viduae,
1153 1149 1237 1214 quae
1258 1126 1303 1191 ad
1324 1125 1404 1191 alias

166 1232 297 1316 nuptias
317 1232 486 1299 convolare
507 1234 625 1320 cupiat.

211 1336 242 1400 3.
265 1335 448 1423 ὒφῖοἰεηίῑα
460 1343 517 1401 ord
537 1338 767 1424 incompetentia
781 1337 870 1421 dotis,
884 1337 912 1402 si
928 1360 1041 1423 nempe
1055 1335 1193 1402 foemina
1208 1358 1276 1400 non
1290 1335 1404 1400 babeat

165 1447 239 1503 actu
258 1448 381 1505 mutam
395 1441 512 1525 dotem,
528 1449 565 1506 ut
584 1451 735 1507 extraneo
753 1440 894 1528 aequalis
912 1440 1114 1523 conditionis,
1128 1439 1185 1527 qui
1206 1462 1312 1526 neque
1329 1461 1403 1503 eon-

165 1544 358 1630 sanguinens
381 1568 483 1632 neque
503 1546 609 1611 affinis
630 1546 684 1628 sit,
706 1546 826 1610 nubere
846 1546 947 1631 possit
969 1545 1004 1609 in
1025 1544 1156 1632 proprio
1176 1542 1259 1626 loto,
1282 1543 1318 1607 in
1339 1564 1404 1628 quo

164 1658 389 1715 commoratur.
434 1652 529 1730 Quae
551 1672 646 1715 eausa
668 1650 771 1738 magis
793 1658 895 1736 urget,
917 1649 945 1714 si
969 1648 1086 1714 mulier
1108 1648 1238 1734 penitus
1260 1647 1404 1712 indotata

164 1751 291 1835 existat,
305 1761 338 1818 et
352 1755 605 1841 consanguineus
619 1753 672 1820 vel
688 1752 793 1819 affinis
806 1776 876 1819 mm
892 1752 926 1817 in
941 1774 1074 1817 uxorem
1088 1751 1213 1834 ducere,
1228 1760 1286 1816 aut
1307 1751 1404 1816 etiam

164 1857 389 1923 convenienter
402 1881 442 1923 ex
458 1858 581 1946 integro
595 1858 705 1924 dotare
717 1868 848 1945 paratus
860 1858 913 1924 sit.

209 1963 240 2025 4.
264 1960 348 2025 Lites
360 1984 454 2048 cuper
467 1963 651 2027 meccedem
664 1961 813 2027 bononem
826 1962 891 2026 iam
905 1969 1035 2045 coortae,
1050 1960 1103 2027 vel
1118 1961 1296 2025 eorumden
1308 1983 1405 2045 praee

163 2074 218 2129 aut
235 2065 393 2130 immiuena
409 2068 593 2153 periodum.
638 2066 672 2131 Si
696 2067 812 2131 mulier
824 2089 958 2153 gravem
981 2065 1070 2130 litem
1091 2088 1187 2151 snper
1208 2065 1404 2131 suoeemione

163 2166 320 2234 botrorum
348 2171 457 2257 magni
483 2171 636 2237 momenti
662 2171 847 2255 substineat,
873 2193 976 2257 neque
999 2169 1089 2235 adest
1112 2168 1208 2251 alins,
1228 2169 1287 2256 qui
1313 2168 1402 2234 litem

163 2271 349 2338 huiusmodi
373 2274 405 2338 in
429 2298 463 2339 se
477 2276 638 2362 suscipiat,
653 2274 855 2363 propriisque
875 2274 1022 2361 expensis
1043 2282 1265 2361 prosequatur,
1280 2283 1403 2360 praeter

163 2375 256 2440 illum
271 2378 328 2465 qni
353 2378 454 2465 ipsam
476 2379 511 2444 in
534 2402 667 2445 uxorem
689 2378 803 2444 ducere
824 2379 923 2465 cupit,
937 2377 1131 2465 dispensatio
1151 2376 1281 2442 concedi
1304 2377 1402 2458 solet3

163 2480 292 2546 interest
321 2483 406 2547 enim
434 2483 650 2570 Reipublicae,
673 2492 710 2547 ut
736 2483 807 2548 lites
832 2482 1090 2570 exstinguantur.
1143 2480 1235 2545 Huic
1257 2482 1403 2567 proxime

162 2585 281 2651 aceedit
302 2586 366 2652 alia
387 2610 490 2671 musa,
505 2587 625 2653 scilicet
639 2587 707 2653 Dos
727 2587 830 2652 lit-ibus
850 2587 997 2672 inuoluta,
1012 2609 1084 2652 cum
1108 2586 1264 2650 nimirum
1287 2584 1402 2651 mulier

161 2688 226 2753 alio
240 2700 287 2754 est
301 2690 451 2756 destituta
465 2692 548 2774 viro,
563 2691 654 2756 cuius
669 2715 729 2778 ope
743 2691 827 2756 bona
840 2714 899 2756 sua
913 2713 1096 2778 recuperare
1111 2689 1228 2756 valeat.
1274 2688 1400 2757 Verum

163 2791 346 2858 huiusmodi
362 2819 455 2860 causa
471 2797 599 2860 nonnisi
615 2820 673 2882 pro
688 2796 911 2860 remotioribus
924 2794 1078 2882 gradibus
1092 2792 1219 2858 suffieit.

208 2901 237 2962 5.
262 2898 440 2985 Pauper-toa
461 2901 583 2983 aidane,
598 2924 680 2987 (ptrue
702 2923 870 2965 numerosa
891 2900 981 2986 prole
1002 2900 1044 2964 sit
1065 2910 1204 2978 onerata,
1220 2908 1251 2962 et
1267 2899 1321 2961 tir
1334 2920 1398 2962 eam

161 3000 245 3066 alere
264 3002 461 3088 polliceatur.
506 3004 569 3069 Sed
586 3004 778 3090 quandoque
795 3003 934 3068 remedio
947 3002 1191 3089 dispensationis
1207 3002 1399 3066 succurritur

163 3105 280 3170 viduae
294 3130 331 3171 ea
345 3117 472 3172 tantum
486 3107 527 3172 cle
541 3131 644 3190 carisa,
659 3106 745 3194 quod
762 3108 867 3172 iunior
881 3108 933 3189 sit,
948 3118 1043 3194 atque
1058 3106 1091 3170 in
1108 3106 1251 3192 periculo
1268 3105 1397 3170 inconti-

163 3210 288 3274 nentiae
304 3221 457 3277 versetur.

208 3317 238 3379 6.
269 3314 395 3378 Boreum
412 3317 514 3401 pecie,
530 3339 594 3402 quo
608 3317 738 3381 nomine
753 3317 889 3382 veniunt
909 3315 1029 3381 nedum
1049 3314 1176 3380 foedera
1196 3315 1397 3401 interregna,

162 3426 195 3482 et
210 3418 385 3504 Principes
401 3419 455 3483 sed
471 3419 565 3483 etiam
581 3421 752 3485 exstinctio
768 3421 917 3507 gravium
933 3419 1184 3500 inimicitiarum,
1200 3420 1355 3502 cixanem,
1369 3427 1398 3483 et

162 3520 309 3586 odiorum
321 3523 476 3588 civilium.
515 3523 606 3588 Ilaec
620 3548 713 3588 etima
726 3524 896 3589 adducitur
908 3524 958 3589 vel
974 3523 1015 3589 ad
1029 3523 1279 3609 exstinguendus
1289 3545 1398 3609 graves

162 3625 356 3708 inimicitias,
372 3649 453 3714 (prae
475 3627 558 3692 inter
580 3629 835 3692 corrtmhentimn
855 3629 1105 3714 (orrsanguineos
1119 3626 1171 3691 vel
1190 3625 1302 3692 affines
1316 3637 1398 3694 ortae

161 3730 236 3813 siut,
259 3754 402 3817 quaeque
424 3732 618 3796 matrimonii
646 3731 855 3798 celebratione
879 3733 1013 3798 onnrino
1034 3741 1320 3817 componerentur3
1350 3730 1397 3796 vel

162 3836 289 3921 quaudo
322 3835 405 3899 inter
438 3835 693 3900 contmhentimn
727 3836 977 3923 consanguineos
1009 3846 1041 3901 et
1073 3832 1183 3900 affines
1216 3836 1398 3901 inimicitiae

160 3961 274 4024 gmves
296 3941 470 4026 viguerint,
492 3949 534 4021 ct,
558 3938 631 4004 lieet
653 3964 718 4026 pax
742 3941 824 4004 inter
849 3941 934 4026 ipsos
961 3941 1041 4004 inita
1068 3940 1131 4004 iam
1156 3940 1210 4022 sit,
1232 3939 1398 4005 celebratio

160 4054 267 4107 tamen
283 4044 478 4108 nrutrimouii
493 4043 534 4107 ud
550 4044 650 4129 ipsius
665 4045 750 4130 pacis
760 4045 1030 4109 currfirmationem
1048 4043 1189 4108 maxime
1202 4044 1397 4109 conduceret.

206 4151 235 4213 7.
268 4147 387 4229 otreio,
402 4154 550 4232 susspecta,
566 4149 742 4233 periculoso
752 4147 971 4231 formidaritoa,
987 4171 1043 4211 nee
1063 4170 1127 4211 non
1142 4147 1327 4211 calcabilatio
1341 4146 1399 4212 sub

160 4252 270 4315 eodem
285 4260 375 4333 tato,
391 4274 472 4337 quac
487 4249 580 4315 facile
593 4251 741 4337 impediri
757 4275 822 4316 non
836 4252 946 4338 possit.

205 4359 235 4420 8.
271 4354 391 4440 Copula
412 4378 486 4418 cnm
508 4355 742 4442 consanguinea
760 4354 814 4421 vel
835 4355 923 4420 affini
944 4355 998 4420 vel
1022 4355 1086 4420 alia
1107 4379 1243 4441 persona
1265 4355 1398 4442 impedi-

161 4468 268 4522 mento
283 4457 446 4522 laborante
460 4457 654 4543 praehabita,
670 4469 702 4524 et
715 4461 939 4544 praeminetis,
953 4460 1080 4544 ideoque
1098 4460 1275 4542 lcpitimatio
1289 4459 1398 4546 puelia,

160 4572 194 4623 ut
213 4584 326 4646 nempe
340 4560 524 4625 consulatur
539 4561 623 4625 bono
637 4562 738 4646 prolis
754 4563 863 4648 ipsius,
875 4573 906 4627 et
921 4562 1035 4627 honori
1051 4561 1205 4644 mulieris,
1217 4585 1300 4648 <perae
1313 4584 1399 4627 scens
