3142 5242
288 448 507 496 uaseossa
532 449 565 495 s,
587 448 708 495 sams
731 447 782 492 An
808 447 1059 494 rosacum
1086 447 1276 494 raason.
1343 429 1397 494 ciii

611 690 666 766 II.
706 691 946 766 Dacuarou.

319 857 377 923 Da
399 860 656 923 Acri-:ammae
679 856 857 922 Bonorunu
880 856 1240 922 Eocnasmsarooamr.

205 1012 291 1079 Cum
315 1011 427 1077 Patres
449 1011 586 1078 Concilii
609 1010 711 1075 Tertii
737 1009 983 1075 Baltimorensis
1008 1010 1167 1097 supplices
1192 1033 1299 1096 preces
1324 1008 1400 1076 huic

161 1114 274 1182 Sacrae
300 1115 548 1202 Congregationi
575 1114 760 1180 Christiano
785 1113 923 1180 Nomini
952 1113 1161 1200 propagando
1187 1114 1399 1201 porrexerint,

162 1228 199 1285 ut
223 1242 298 1284 cum
322 1220 431 1306 agitur
454 1217 495 1284 de
520 1218 614 1284 bonis
638 1241 675 1284 ac
699 1217 810 1282 fundis
834 1217 1009 1283 dioeceseos
1032 1217 1085 1283 vel
1112 1219 1301 1283 missionum
1326 1239 1400 1304 per·

163 1322 335 1406 mutandis,
360 1322 548 1409 hypothecis
578 1320 789 1409 imponendis,
813 1321 950 1408 aliisque
977 1321 1109 1408 agendis
1136 1344 1218 1408 quae
1243 1321 1400 1407 specimen

162 1426 363 1492 alienationis
380 1425 607 1514 praeseferunt,
622 1426 701 1513 ipsis
717 1425 909 1492 concedatur
922 1425 1097 1509 indultum,
1113 1447 1179 1512 quo
1194 1424 1237 1491 ad
1250 1424 1401 1490 solemni·

162 1538 242 1595 tates
261 1553 281 1595 a
294 1532 371 1616 jure
384 1530 535 1595 canonico
549 1539 685 1595 statutas
698 1529 782 1594 circa
794 1528 1019 1594 alienationem
1039 1528 1197 1594 bonorum
1216 1527 1402 1594 ecclesiasti·

162 1656 273 1699 corum
293 1634 467 1699 servandas
488 1656 554 1699 non
575 1633 804 1721 astringantur,
820 1632 907 1698 Emi.
923 1655 960 1698 ac
979 1633 1067 1697 Rmi.
1085 1632 1196 1698 Patres
1215 1632 1312 1698 Sacro
1325 1632 1403 1699 huic

163 1737 310 1805 Consilio
338 1737 521 1824 praepositi,
546 1738 676 1802 attentis
701 1736 917 1824 peculiaribus
940 1737 1197 1821 circumstantiis,
1222 1738 1256 1802 in
1285 1737 1403 1824 quibus

164 1840 305 1906 Ecclesia
326 1840 477 1906 Statuam
499 1840 751 1906 Foederatorum
773 1841 942 1906 Americae
963 1840 1228 1927 Septentrionalis
1246 1850 1403 1924 versatur,

164 1943 273 2010 SSmo.
290 1944 334 2010 D.
350 1944 395 2010 N.
412 1944 515 2010 Iconi
531 1944 600 2010 ΡΡ.
616 1943 730 2010 XIII.
741 1944 990 2031 supplicandum
1005 1953 1204 2028 censuerunt,
1215 1953 1254 2010 ut
1266 1943 1403 2032 singulis

165 2048 372 2114 Praesulibus
392 2071 452 2135 pro
465 2057 608 2136 tempore
622 2049 833 2113 existentibus
847 2069 944 2134 super
963 2047 1023 2114 hac
1036 2070 1071 2113 re
1084 2048 1234 2135 speciales
1247 2071 1284 2114 ac
1298 2057 1403 2113 extra-

165 2152 343 2218 ordinariae
363 2151 529 2218 facultates
550 2152 592 2217 ad
620 2150 809 2217 decennium
838 2175 859 2217 a
887 2152 941 2217 die
969 2151 1236 2239 promulgationis
1265 2151 1403 2217 Concilii

165 2255 306 2321 Plenarii
327 2256 579 2342 computandum
596 2255 790 2339 tribuantur,
805 2279 842 2321 ea
855 2264 962 2320 tamen
979 2255 1057 2342 loge,
1073 2263 1110 2320 ut
1128 2256 1289 2342 praedicta
1303 2253 1404 2320 sacul-

165 2367 228 2425 tate
246 2369 379 2424 utantur
399 2370 563 2446 perspecta
579 2360 672 2446 prius
692 2382 733 2424 ex
754 2359 974 2424 consultorum
994 2359 1127 2424 consilio
1149 2360 1332 2423 necessitate
1349 2358 1402 2424 vel

164 2462 307 2529 evidenti
329 2463 469 2529 utilitate
489 2463 659 2547 Ecclesiae,
675 2473 775 2550 utque
793 2463 828 2527 in
849 2463 913 2528 fine
931 2463 1102 2549 cujuslibet
1110 2461 1241 2527 triennii
1251 2463 1403 2549 Episcopi

164 2568 206 2632 ad
234 2566 266 2632 S.
293 2566 582 2655 Congregationcm
608 2567 748 2632 referant
771 2566 891 2654 quibus
920 2567 955 2631 in
979 2566 1113 2648 casibuS,
1137 2575 1169 2631 et
1198 2589 1257 2652 pro
1286 2566 1404 2653 quibus

164 2671 310 2752 summis,
323 2691 360 2733 ee.
380 2671 431 2735 usi
450 2670 525 2756 sint,
539 2671 685 2757 exposito
699 2671 796 2735 etiam
813 2679 898 2735 statu
913 2670 1113 2735 oeconomico
1134 2669 1264 2733 illarum
1280 2670 1404 2734 missio·

166 2797 243 2838 num
258 2796 319 2862 pro
333 2775 452 2862 quibus
465 2795 519 2839 aes
531 2774 673 2840 alienum
687 2784 886 2840 contractum
900 2773 973 2840 fuit.

210 2872 305 2943 Hauc
320 2900 398 2944 vero
412 2878 445 2943 S.
462 2878 727 2965 Congregationis
740 2879 928 2943 sententiam
943 2901 1017 2942 cum
1032 2879 1231 2965 subscriptus
1246 2878 1288 2943 R.
1305 2878 1343 2945 P.
1360 2877 1403 2943 D.

167 2980 358 3046 Dominicus
372 2981 531 3065 daeobini,
546 2982 817 3069 Arc-hiepiscopus
830 2981 993 3067 Tyreusis,
1008 2982 1121 3046 Sacrae
1140 2982 1405 3067 Congregationis

166 3085 352 3150 secretarius
370 3084 482 3152 SSmo.
497 3084 542 3152 D.
557 3085 602 3152 N.
618 3084 721 3151 Leoni
736 3085 805 3150 ΡΡ.
820 3085 933 3150 XIII.
948 3084 984 3149 in
998 3085 1163 3150 audientia
1181 3085 1246 3150 diei
1267 3089 1309 3150 10
1326 3084 1405 3170 Sep·

166 3187 300 3254 lambris
323 3189 494 3272 retulisset,
519 3188 677 3254 Sanctitas
700 3188 768 3254 Sua
796 3189 929 3254 omnino
954 3188 1154 3274 adprobavit,
1177 3198 1210 3254 et
1233 3211 1330 3274 super
1354 3188 1406 3253 his

166 3314 313 3380 praeseus
327 3284 500 3357 Decretum
517 3293 662 3378 expediri
677 3293 786 3378 jussit.

211 3394 334 3461 Datum
351 3395 483 3474 Romae,
495 3418 536 3460 ex
551 3395 697 3461 Aedibus
708 3395 741 3462 S.
754 3396 1018 3483 Congregationis
1033 3397 1073 3461 (le
1089 3396 1301 3482 Propagauda
1313 3397 1406 3479 Fide,

166 3495 217 3564 die
235 3501 278 3565 25
292 3498 497 3586 Septembris,
515 3503 609 3566 1885.

588 3604 610 3669 J
612 3621 753 3669 oannes
775 3605 889 3671 (laun.
905 3604 1273 3688 S1uaou1,Proesectus.

806 3706 841 3778 >It
856 3708 899 3772 D.
916 3707 1095 3772 Ancurae.
1111 3706 1264 3790 Tanau,
1279 3707 1361 3773 Secr.

616 3915 694 3989 ΙΙΙ.
723 3915 963 3990 Dacaarou.

547 4097 606 4163 Da
627 4098 797 4163 Tasuruo
820 4098 1036 4164 concussus.

213 4251 299 4318 Cum
322 4251 364 4317 ab
386 4251 589 4338 infrascripto
611 4252 653 4318 R.
674 4251 713 4318 P.
735 4250 778 4316 D.
795 4250 966 4316 Dominico
988 4251 1136 4316 Jacobini
1159 4252 1407 4338 Archiepiseopo

171 4353 319 4438 Tyrcnsi,
349 4353 461 4420 Sacrae
493 4354 758 4442 Congregationis
789 4354 830 4419 de
863 4354 1076 4440 Propagauda
1109 4355 1192 4419 Fide
1224 4355 1407 4436 Secretario,

172 4456 279 4524 SSmo.
294 4457 437 4523 Domino
451 4457 573 4523 Nostro
588 4458 691 4523 Leoni
705 4457 831 4524 Divina
842 4457 1052 4523 Providentia
1067 4457 1136 4523 ΡΡ.
1149 4457 1260 4522 XIII.
1272 4458 1406 4522 relatum

172 4560 280 4644 fuerit,
292 4560 404 4626 Patres
420 4560 557 4627 Concilii
573 4560 646 4626 III.
659 4560 801 4626 Plenarii
816 4559 1058 4625 Baltimorensis
1072 4561 1259 4647 suppliciter
1273 4561 1408 4647 petiisse,
