3142 5242
152 480 231 567 ,294
664 485 908 541 terruerit.

164 673 252 716 mam
273 671 351 714 mox
372 647 622 736 proponendam,
637 649 680 713 ad
694 671 827 715 examen
841 671 997 734 revocare,
1013 652 1074 716 rite
1095 673 1283 738 cognoscem
1306 675 1345 718 ac
1367 653 1414 718 ita

164 754 326 840 Episcopo
341 753 376 817 iu
391 753 469 838 ipsis
482 751 671 818 definiendis
684 754 845 818 auxilium
864 755 1022 840 praebere.
1067 753 1221 842 Satngant
1238 765 1415 842 propterca

164 865 290 944 oportet
310 855 353 923 ad
378 855 440 922 boo
462 878 581 921 munus
603 856 704 939 electi,
728 865 767 922 ut
787 867 951 923 accuratae
971 859 1053 923 fiant
1074 858 1350 945 investigationes,
1375 882 1414 925 ea

163 961 368 1049 proferantur
392 959 573 1026 testimonia
593 969 689 1046 atquc
709 983 731 1025 a
751 971 955 1049 praesumpto
975 985 1030 1027 reo
1051 962 1161 1028 omnia
1181 962 1412 1049 exquirantur,

163 1087 246 1153 quae
259 1064 301 1129 ad
317 1064 483 1130 veritatem
505 1062 678 1129 eruendam
700 1064 872 1131 necessaria
891 1075 1060 1131 censentur
1072 1089 1111 1131 ac
1129 1064 1172 1132 ad
1192 1065 1315 1131 iustam
1336 1089 1413 1132 sen·

163 1169 297 1234 tentiam
320 1177 391 1234 tuto
411 1166 647 1255 prudenterque
661 1166 824 1233 selendum
838 1178 923 1233 certa
936 1168 989 1234 vel
1010 1169 1087 1235 satis
1108 1171 1202 1235 firma
1215 1181 1414 1257 argumenta

164 1272 379 1360 suppeditent.

208 1376 308 1457 Quod
329 1377 358 1441 si
379 1376 420 1441 de
440 1376 577 1442 alicuius
598 1377 729 1443 rectoris
750 1377 912 1444 missionis
933 1378 1107 1445 remotione
1127 1388 1252 1467 agatur,
1267 1391 1413 1467 nequeat

164 1480 232 1568 ipse
245 1505 265 1546 a
278 1481 398 1547 credito
419 1480 481 1546 sibi
503 1503 635 1546 munere
648 1481 753 1564 deiici,
768 1482 831 1546 nisi
853 1482 957 1548 tribus
977 1483 1090 1547 saltem
1111 1483 1293 1569 praedidae
1307 1484 1411 1550 Com·

164 1585 324 1650 missionis
338 1584 490 1649 membris
500 1608 557 1671 per
569 1584 766 1671 Episcopum
780 1584 822 1650 ad
836 1608 963 1650 causam
977 1586 1227 1672 cognoscendam
1238 1586 1409 1670 adhibitis,

163 1711 337 1776 eorumque
349 1688 482 1755 oonsilio
496 1688 618 1754 audito.

207 1792 312 1858 Eleeti
332 1791 506 1858 consiliarii
530 1791 566 1856 in
586 1802 732 1878 suscepto
753 1816 884 1859 munere
904 1794 1136 1881 permanebunt
1156 1793 1197 1860 ad
1219 1794 1410 1882 proximam

162 1919 264 1985 usque
277 1896 476 1963 dioecesanae
489 1895 606 1982 synodi
619 1895 872 1981 celebrationem,
887 1895 922 1962 iu
936 1921 1001 1984 qua
1014 1898 1068 1965 vel
1089 1899 1151 1985 ipsi
1170 1899 1410 1966 confirmentur

162 2001 198 2067 in
212 1999 316 2067 officio
329 1999 383 2066 vel
397 1999 453 2065 ulii
467 1998 686 2087 designentur.
730 1999 830 2079 Quod
844 2000 871 2065 si
895 2001 1023 2066 iuterim
1039 2011 1151 2084 morte,
1165 2009 1224 2067 aut
1237 2005 1409 2068 renuntia-

162 2105 249 2172 tione
269 2104 322 2173 vel
344 2104 409 2169 alia
429 2126 523 2169 causa
543 2102 755 2190 praescriptus
776 2103 1032 2170 consiliariorum
1053 2127 1204 2170 numerus
1225 2107 1406 2190 minuatur,

163 2209 343 2297 Episcopus
356 2217 448 2274 extra
461 2206 621 2295 synodum
635 2205 716 2272 alios
730 2207 766 2271 in
780 2206 995 2273 deficientium
1010 2207 1127 2291 locum,
1142 2218 1241 2295 prout
1254 2211 1408 2297 superius

161 2322 316 2380 statutum
330 2322 387 2396 est,
402 2310 547 2377 sufficiat.

206 2417 250 2483 In
272 2418 375 2482 musis
397 2414 631 2502 cognoscendis,
653 2414 694 2480 iis
717 2416 899 2502 praesertim
922 2417 956 2480 in
978 2417 1097 2503 quibus
1117 2416 1158 2482 de
1180 2427 1301 2483 rectore
1325 2419 1405 2484 mis-

161 2521 300 2587 siouario
309 2520 476 2585 definitive
488 2543 509 2584 a
523 2542 581 2585 suo
591 2518 696 2584 officio
709 2517 887 2584 amovendo
901 2530 1025 2606 agatur,
1037 2520 1196 2585 iudicialis
1208 2521 1406 2589 Commissio

161 2626 244 2691 hanc
256 2634 407 2711 sequetur
420 2622 536 2709 agendi
549 2623 715 2687 rationem.

206 2733 236 2796 1.
267 2728 323 2794 Ad
346 2728 612 2794 commissionem
638 2726 892 2813 investigationis
917 2750 981 2791 uon
1007 2737 1197 2812 recurratur,
1220 2730 1286 2795 nisi
1311 2731 1405 2817 prius

160 2834 243 2899 clare
264 2843 295 2897 et
318 2832 455 2918 praecise
468 2830 613 2916 exposita
625 2830 667 2895 ab
683 2831 842 2916 Episcopo
863 2853 956 2895 musa
976 2831 1019 2896 ad
1041 2832 1247 2897 deiectionem
1270 2835 1403 2898 finalem

161 2948 318 3019 movente,
341 2936 408 3021 ipse
430 2945 532 2999 rector
554 2934 772 2998 missiouarius
795 2934 888 2998 malit
909 2957 976 2998 rem
1001 2933 1043 2998 ad
1066 2934 1249 3001 Consilium
1270 2936 1404 3020 deferri,

161 3040 257 3128 quam
273 3064 305 3104 se
320 3064 339 3103 a
354 3061 484 3102 munero
498 3047 530 3102 et
545 3038 649 3102 oflieic
663 3047 776 3123 sponte
790 3037 959 3103 dimittere.

205 3146 235 3208 2.
266 3144 316 3208 lte
341 3142 382 3207 cd
406 3142 587 3208 Consilium
609 3140 724 3222 delata,
749 3140 927 3226 Episcopus
949 3143 1070 3207 vicario
1095 3166 1154 3208 suo
1179 3145 1322 3229 generali
1349 3147 1404 3213 vel

160 3248 216 3313 ulii
245 3247 398 3312 sacerdoti
427 3245 469 3310 ad
499 3245 559 3310 boc.
586 3245 628 3309 ab
657 3245 727 3330 ipso
751 3244 903 3330 deputato
931 3248 1120 3328 committat,
1146 3256 1184 3311 ut
1212 3248 1405 3316 relationem

160 3375 270 3417 crusec
291 3352 326 3415 in
348 3350 474 3435 scriptis
495 3350 649 3431 conficiat,
664 3372 736 3413 cum
759 3349 955 3434 expositione
977 3350 1232 3436 investigationis
1246 3375 1285 3417 eo
1299 3375 1407 3440 usque

161 3467 313 3544 peractae,
328 3465 360 3520 et
381 3454 698 3537 circumstantiarum,
713 3476 795 3539 quae
816 3476 942 3517 causam
962 3453 1014 3518 vel
1039 3454 1180 3518 eiusdem
1200 3455 1406 3523 demonstra-

161 3561 281 3627 tionem
296 3559 474 3644 specialiter
488 3556 637 3623 afficiant.

206 3668 236 3730 3.
268 3661 684 3742 Loeuru,‹lieu1,ethoram
700 3670 912 3746 opportunam
932 3660 972 3725 ad
993 3662 1249 3727 conveniendum
1271 3665 1405 3749 indicet,

162 3769 259 3855 idque
273 3791 330 3853 per
345 3765 466 3829 litteras
480 3763 522 3828 ad
536 3764 680 3851 singulos
695 3765 902 3830 cinsiliarios

204 3877 236 3938 4.
268 3873 332 3936 Per
355 3869 476 3933 litteras
498 3869 593 3932 etiam
618 3879 770 3932 rectorem
794 3869 1040 3952 missicnarium,
1064 3871 1192 3958 dequo
1214 3873 1336 3959 agitur,
1361 3876 1406 3940 ad

162 3978 268 4043 locum
289 3984 322 4039 et
343 3975 427 4038 diem
450 3973 657 4036 coustitutum
679 3970 721 4035 ad
736 3971 916 4036 Consilium
938 3972 1119 4038 babendum
1141 3974 1286 4057 advocet,
1301 4000 1406 4064 expo-

162 4105 250 4163 nens,
272 4080 336 4145 nisi
359 4076 528 4163 prudentia
549 4086 645 4157 vetut,
668 4076 717 4139 uti
742 4075 778 4139 in
799 4098 872 4139 casu
894 4077 1038 4140 criminis
1059 4078 1185 4160 occulti,
1207 4101 1339 4145 causam
1362 4083 1406 4147 ad

161 4186 367 4251 deiectionem
385 4190 565 4245 moventem
585 4202 642 4264 per
662 4188 828 4243 extensum
845 4203 1038 4266 monensque
1056 4181 1164 4266 ipsum
1183 4194 1352 4267 rectorem,
1369 4198 1408 4250 ut

162 4310 348 4376 responsum
361 4285 429 4350 suis
442 4283 618 4348 rationibus
632 4283 802 4347 suffultum
816 4283 857 4348 ad
871 4306 908 4347 ca
922 4293 1085 4369 praeparet
1109 4286 1143 4348 in
1164 4287 1304 4371 scriptis,
1320 4312 1408 4374 quae

162 4395 197 4458 in
220 4416 329 4458 caiisae
353 4388 550 4476 expositione
572 4387 625 4450 vel
652 4386 715 4451 iam
740 4397 832 4451 antea
855 4398 1010 4469 oretenus,
1033 4389 1086 4452 vel
1112 4397 1189 4453 tunc
1213 4390 1248 4453 in
1272 4392 1407 4479 scriptis

163 4498 262 4562 relata
276 4496 405 4560 fuerint.

209 4605 238 4666 5.
270 4597 542 4665 Convenieutibus
567 4595 755 4660 consiliariis
780 4606 920 4682 temporo
944 4606 976 4660 et
1001 4595 1070 4661 loco
1095 4598 1283 4682 praefinitis
1310 4623 1408 4686 prae-
