3142 5242
623 501 678 546 nn
707 500 967 547 arnarrona.
1350 485 1414 548 243

176 655 315 721 Rituum
344 656 542 734 concinnata,
568 656 700 722 modum
726 657 855 743 respicit
884 657 1073 743 purificandi
1104 657 1242 738 calioem,
1268 657 1325 743 qui
1356 681 1414 744 pro

174 761 280 846 prima
294 759 391 825 missa
405 760 595 827 inservierit.

219 863 274 928 Ex
288 864 422 928 aedibus
436 862 538 929 dietae
553 864 585 930 S.
603 865 867 952 Congregationis
882 866 935 930 die
950 868 1001 930 24.
1019 865 1101 930 Maii
1119 867 1214 930 1870.

232 1054 431 1116 Iusrauerro
451 1074 475 1116 A
494 1055 525 1117 S.
547 1056 584 1116 R.
606 1056 640 1118 C.
663 1058 701 1116 12
721 1056 932 1117 Sarranates
954 1057 1031 1118 1857
1053 1055 1162 1117 Enrra
1184 1075 1230 1115 na
1252 1056 1354 1117 Meno

475 1172 525 1214 ars
546 1152 677 1214 Mrssmn
699 1172 818 1214 nansia
839 1172 898 1214 nrn
918 1153 1148 1214 Caussarum.

217 1300 358 1379 Quando
380 1299 524 1369 sacerdos
538 1300 647 1365 eadem
670 1300 722 1365 die
744 1300 823 1365 duas
845 1301 957 1365 missas
979 1298 1098 1364 dissitis
1113 1300 1148 1364 iu
1163 1299 1240 1364 locis
1255 1299 1411 1366 celebrare

171 1402 274 1485 debet,
297 1403 331 1468 iu
358 1404 473 1490 prima,
496 1404 575 1469 dum
600 1404 751 1470 divinum
776 1404 974 1492 Sanguinem
1000 1405 1109 1488 sumit,
1131 1426 1206 1469 eum
1230 1403 1411 1491 diligentis-

171 1506 251 1571 sime
272 1507 407 1574 sorbeat.
453 1507 583 1572 Exinde
604 1531 699 1594 super
720 1508 883 1595 corporale
904 1517 1003 1595 ponat
1023 1507 1152 1573 ‹alicem
1166 1516 1199 1573 et
1212 1507 1300 1594 palla
1312 1517 1409 1594 tegat,

170 1633 209 1675 ac
229 1610 346 1675 iuuetis
368 1611 517 1677 manibus
538 1612 574 1677 in
595 1612 702 1677 medio
721 1612 816 1678 altari
830 1611 934 1678 dicat:
961 1613 1054 1697 Quod
1067 1634 1118 1676 ore
1131 1612 1325 1698 sumpsimus,
1340 1621 1408 1695 etc,

170 1713 315 1797 subinde,
331 1715 460 1781 admoto
478 1740 580 1804 aquae
593 1716 735 1799 vasculo,
749 1715 868 1804 digitos
883 1716 970 1782 lavet
983 1716 1110 1781 dicens:
1138 1715 1258 1802 Grrprta
1271 1722 1366 1798 mara,
1377 1724 1410 1781 et

169 1819 341 1905 abstergat.
385 1818 486 1885 Hisce
506 1821 652 1908 peractis,
667 1820 796 1886 calisam
810 1843 906 1907 super
920 1820 1082 1907 corporale
1103 1828 1284 1885 manentem
1305 1819 1410 1885 adhuc

168 1920 309 1988 deducta
326 1922 414 2010 palla
434 1925 605 2011 cooperiat,
626 1948 684 1991 ceu
710 1948 780 1991 mos
800 1934 858 2008 est,
880 1925 1000 1990 scilicet
1023 1925 1166 2012 primum
1193 1924 1408 2010 purificatorio

170 2025 281 2111 linteo,
295 2025 411 2092 deinde
432 2038 549 2124 patena
568 2052 607 2093 ao
627 2028 723 2114 palla,
739 2037 772 2093 et
791 2028 923 2094 demum
944 2028 1028 2095 velo.
1073 2027 1152 2093 Post
1172 2027 1250 2092 haec
1279 2028 1408 2092 missam

168 2140 389 2218 prosequatur,
411 2140 454 2213 et,
476 2132 634 2218 completo
663 2132 781 2197 ultimo
809 2131 986 2221 evangelie,
1008 2154 1119 2197 rursus
1148 2140 1210 2196 stet
1237 2132 1273 2196 in
1303 2131 1408 2197 medio

168 2233 289 2318 altaris,
303 2243 345 2319 et,
360 2234 483 2300 detecto
496 2236 603 2320 calice,
617 2236 776 2322 inspiciat,
791 2259 834 2301 an
847 2237 974 2324 aliquid
994 2235 1103 2302 divini
1123 2234 1297 2323 Sanguinis
1311 2258 1409 2301 necne

168 2337 210 2402 ad
232 2338 335 2403 imum
357 2361 391 2404 se
411 2341 573 2427 receperit,
595 2338 685 2427 quod
704 2340 895 2427 plerumque
916 2341 1090 2427 continget.
1135 2339 1297 2419 Quamvis
1322 2339 1407 2404 enim

167 2464 273 2507 sacrae
283 2443 401 2529 speeies
411 2444 553 2529 primum
567 2443 680 2509 sedulo
693 2454 820 2530 sorptae
833 2444 909 2527 sint,
918 2453 1025 2509 tamen
1043 2443 1124 2508 dum
1137 2451 1323 2526 sumuntur,
1333 2466 1407 2508 eum

167 2546 351 2632 particulae,
365 2570 447 2633 quae
460 2546 581 2612 circum
594 2556 681 2631 sunt,
696 2546 908 2636 undequaque
928 2570 1054 2614 sursum
1069 2546 1263 2630 deserantur,
1278 2547 1404 2612 nonnisi
1469 2571 1471 2575 ’

167 2649 313 2736 deposito
334 2651 430 2716 calice
450 2651 493 2716 ad
514 2651 618 2716 imum
632 2651 775 2718 redeunt.
820 2651 856 2718 Si
877 2652 985 2740 itaque
1005 2651 1112 2717 divini
1127 2649 1300 2737 Sanguinis
1314 2660 1406 2737 gutta

113 2825 116 2828 ,
166 2753 325 2841 quaedam
346 2755 483 2842 supersit
503 2755 618 2839 adhuc,
633 2779 670 2820 ea
684 2778 794 2821 rursus
807 2779 845 2822 ae
857 2755 1029 2842 diligenter
1043 2755 1215 2837 sorbeatur,
1230 2754 1405 2840 etquidem

167 2881 208 2922 ex
229 2858 338 2923 eadem
360 2868 462 2945 parte,
483 2883 549 2948 qua
573 2859 630 2924 ille
655 2861 798 2946 primum
823 2870 972 2946 sumptus
997 2868 1054 2926 est.
1099 2857 1198 2939 Quod
1227 2857 1405 2923 nullimode

166 2961 381 3027 omittendum
395 2972 452 3047 est,
466 2965 543 3051 quia
556 2963 752 3029 sacrificium·
768 2965 932 3030 moraliter
945 2965 1051 3048 durat,
1067 2973 1099 3029 et
1112 2962 1405 3050 superexstantibus

165 3065 272 3130 adhue
285 3067 356 3132 vini
371 3066 534 3153 speciebus
547 3090 589 3133 ex
603 3067 718 3134 divino
731 3077 899 3155 praecepto
913 3068 1068 3155 compleri
1082 3067 1185 3133 debet.

210 3169 422 3236 Postmodum
433 3170 577 3237 sacerdos
588 3171 621 3237 in
633 3172 740 3258 ipsum
750 3172 880 3237 calicem
895 3181 1021 3237 tantum
1036 3171 1149 3237 saltem
1163 3194 1265 3258 aquae
1279 3170 1403 3253 fundat,

165 3283 325 3361 quantum
346 3275 438 3361 prius
459 3275 532 3343 viui
552 3284 713 3363 posuerat,
726 3298 860 3362 eamque
880 3276 1102 3340 circumactam
1118 3297 1158 3339 ex
1172 3275 1282 3339 eadem
1304 3284 1403 3360 parte,

165 3401 230 3465 qua
251 3378 285 3444 S.
308 3376 506 3466 Sanguinem
528 3378 662 3462 biberat,
678 3380 875 3466 inparatum
889 3403 948 3446 vas
962 3378 1119 3444 demittat.
1165 3376 1306 3443 Calicem
1328 3378 1403 3441 sub

166 3482 242 3547 inde
263 3483 371 3568 ipsum
392 3484 609 3569 purificatorio
631 3474 731 3549 linteo
759 3482 930 3571 abstergat,
952 3506 989 3549 ae
1009 3484 1139 3547 demum
1163 3482 1332 3567 cooperiat,
1355 3482 1403 3546 uti

165 3585 245 3651 alias
258 3587 306 3669 fit,
320 3596 416 3673 atquc
430 3572 471 3652 ab
484 3587 578 3652 altari
593 3587 743 3653 discedat.
784 3586 947 3674 Depositis
961 3587 1104 3655 vestibus
1118 3586 1224 3668 sacris,
1240 3594 1272 3649 et
1285 3586 1403 3671 gratia-

166 3712 239 3754 rum
253 3690 376 3755 actione
389 3691 555 3777 completa,
569 3715 653 3779 aqua
674 3715 692 3756 e
713 3691 809 3756 calice
826 3691 963 3757 demissa
976 3715 1036 3778 pro
1049 3713 1157 3756 rerum
1174 3688 1334 3755 adiunctis
1348 3689 1401 3753 vel

165 3793 207 3858 ad
235 3793 323 3859 diem
351 3795 526 3859 crastiuum
555 3806 701 3860 servetur
729 3794 771 3884 (si
793 3819 907 3882 nempe
928 3819 965 3861 eo
987 3818 1098 3860 rursus
1126 3792 1271 3859 saeerdos
1296 3792 1401 3857 redeat

167 3898 297 3962 missam
318 3896 510 3986 habiturus),
525 3899 605 3963 etin
620 3899 756 3965 secunda
779 3899 998 3986 purificatione
1012 3900 1046 3964 iu
1061 3898 1191 3963 calicem
1205 3897 1401 3978 demittatur,
1523 3950 1526 3955 r

166 4001 218 4067 vel
240 4003 381 4088 gossipic
401 4011 459 4067 aut
479 4012 574 4088 stupa
594 4003 744 4090 absorpta
764 4004 979 4086 comburatur,
998 4003 1050 4069 vel
1073 4003 1107 4067 in
1130 4000 1276 4083 sacrario,
1299 4001 1327 4064 si
1348 4001 1400 4083 sit,

165 4106 352 4170 exsiccanda
364 4105 573 4193 relinquatur,
589 4106 644 4173 vel
658 4106 846 4173 demittatur
860 4107 894 4172 in
909 4107 1073 4194 piscinam.

209 4208 295 4275 Cum
315 4219 421 4274 autom
443 4209 538 4294 calix,
554 4233 619 4298 quo
640 4210 784 4277 sacerdos
805 4212 947 4298 primum
968 4220 1017 4276 est
1036 4234 1122 4294 usus,
1138 4210 1323 4297 purificatus
1339 4209 1401 4271 iam

165 4311 217 4396 sit,
230 4312 260 4378 si
281 4311 339 4378 illo
361 4313 430 4400 ipso
452 4336 511 4399 pro
532 4315 630 4378 missa
650 4314 751 4380 altera
771 4314 923 4403 indigeat,
938 4338 1010 4381 eum
1030 4338 1135 4380 seeum
1150 4314 1291 4378 deferat:
1315 4334 1402 4375 secus

165 4440 242 4483 vero
257 4415 293 4482 in
306 4416 406 4482 altera
420 4419 517 4482 missa
529 4416 658 4484 diverso
672 4419 768 4484 calice
782 4420 830 4484 uti
845 4420 974 4506 poterit.

213 4521 297 4587 Cum
308 4523 449 4608 superior
462 4522 496 4588 S.
512 4522 556 4588 R.
571 4522 604 4588 (J.
621 4522 788 4588 Instractio
801 4525 927 4589 accam
941 4547 1046 4588 casum
1059 4523 1212 4610 respiciat,
1228 4544 1287 4607 qao
1301 4542 1402 4583 saeer-

164 4624 221 4690 dea
244 4625 325 4690 duaa
347 4626 457 4690 masaa
479 4626 595 4691 dicertis
616 4627 653 4691 ia
676 4628 749 4692 lobia
772 4628 878 4693 eadem
900 4628 950 4692 dia
971 4629 1011 4692 ait
1034 4627 1238 4692 mkbraurua
1247 4651 1262 4703 ;
1293 4645 1403 4709 operae

219 4731 340 4794 '²³
1315 4756 1555 4920 l*
