3142 5242
441 498 496 544 1111
525 499 798 545 111101110111
826 500 1129 548 0100101110.
1361 489 1403 552 65

168 655 218 728 ad
236 654 488 729 obtinendam
512 655 796 753 separationem
814 683 838 730 0
854 657 967 731 thoro
984 663 1024 731 et
1040 682 1185 732 mensa.
1239 658 1401 746 Quodsi

167 771 255 870 quis
271 769 532 864 attentaverit,
545 771 642 846 sciat
657 797 700 847 se
715 798 875 870 gravem
893 780 1044 848 reatum
1062 772 1258 848 incurrere
1275 779 1314 848 et
1330 798 1401 872 pro

169 886 353 986 Episcopi
364 887 513 985 judicio
530 887 773 986 puniendum
790 914 885 964 esse.

218 1005 303 1080 127.
330 1004 432 1078 Item
458 1004 701 1080 decernimus
725 1005 953 1100 Catholicos,
971 1006 1038 1106 qui
1063 1032 1193 1082 coram
1220 1006 1400 1082 ministro

167 1120 442 1219 cujuscumque
469 1128 594 1196 sectae
622 1121 856 1197 acatholicae
883 1123 1177 1198 matrimonium
1204 1130 1399 1198 contraxe-

167 1236 249 1311 rint
285 1237 347 1311 vel
390 1237 679 1331 attentaverint,
713 1246 822 1313 extra
864 1238 1064 1336 propriam
1107 1239 1323 1331 dioecesim,
1359 1239 1400 1314 111

169 1352 342 1453 quolibet
366 1361 472 1429 statu
497 1353 560 1428 vel
590 1353 785 1428 territorio
811 1355 884 1429 sub
910 1354 1057 1429 ditione
1082 1355 1307 1454 praesulum
1333 1354 1400 1454 qui

168 1468 258 1544 huic
285 1469 448 1546 concilio
482 1471 626 1545 adsunt
654 1470 718 1545 vel
747 1472 882 1546 adesso
912 1470 1064 1563 debent,
1096 1471 1399 1546 excommunica·

168 1584 313 1661 tionem
356 1586 552 1661 incurrero
587 1586 780 1685 Episcopo
813 1595 1062 1681 reservatam,
1098 1613 1121 1662 a
1154 1612 1231 1686 qua
1268 1593 1399 1662 tamen

168 1701 332 1801 quilibet
365 1704 556 1779 dictorum
589 1702 885 1779 Ordinariorum
919 1705 1002 1779 sive
1034 1729 1105 1803 per
1135 1730 1187 1796 se,
1217 1703 1302 1779 sive
1330 1728 1401 1802 per

168 1821 404 1894 sacerdotem
430 1821 481 1894 ad
510 1820 583 1895 hoc
606 1819 826 1918 delegatum
852 1820 1052 1895 absolvere
1080 1819 1234 1919 poterit.
1288 1819 1400 1908 Quod

169 1935 201 2008 si
223 1934 265 2010 in
288 1936 448 2035 propria
465 1936 629 2012 dioecesi
652 1936 708 2012 ita
731 1936 976 2035 deliquerint,
994 1937 1202 2011 statuimus
1226 1961 1292 2011 eos
1314 1936 1400 2034 ipso

168 2054 266 2126 facto
283 2051 488 2128 innodares
505 2078 588 2128 esse
611 2052 1015 2144 excommunicatione,
1034 2078 1143 2151 quae,
1161 2051 1237 2127 nisi
1255 2052 1401 2150 absque

169 2169 304 2244 frauda
328 2168 426 2267 legis
451 2169 574 2243 alium
599 2168 836 2267 Episcopum
862 2169 1015 2262 adeant,
1033 2193 1166 2243 eorum
1194 2167 1400 2243 Ordinario

168 2292 399 2360 reservatur.

218 2402 303 2477 128.
347 2401 408 2477 Ex
442 2403 572 2478 verbis
606 2402 798 2501 Apostoli,
838 2403 880 2503 (1.
913 2402 998 2479 (lor.
1030 2424 1119 2495 v11.,
1150 2404 1213 2502 15)
1252 2408 1403 2477 constat

168 2517 461 2593 matrimonium
500 2518 718 2593 infidelium
753 2518 924 2593 dissolvi·
957 2543 1070 2617 posse
1104 2543 1150 2595 ec
1182 2521 1403 2594 concessione
1477 2569 1483 2580 .

168 2637 299 2728 (1111110,
317 2637 472 2734 quando
495 2635 682 2711 alteruter
698 2635 907 2734 conjugum
932 2636 984 2709 ad
1009 2637 1126 2710 fidem
1151 2634 1401 2728 convertitur,

168 2757 208 2826 et
238 2751 340 2826 alter
369 2776 439 2826 nec
467 2750 641 2827 converti
672 2753 723 2826 ad
751 2752 881 2845 fidem,
905 2776 975 2826 neo
1001 2776 1090 2826 cum
1119 2751 1283 2849 conjuge
1311 2775 1400 2825 con·

167 2891 279 2942 verso
305 2867 460 2966 pacifice
485 2875 525 2944 et
548 2867 633 2944 sine
657 2867 802 2966 injuria
826 2866 1020 2943 Oreatoris
1047 2867 1268 2942 cohabitare
1293 2867 1401 2942 velit.

168 2983 298 3073 Quum
323 2984 397 3060 hac
421 2984 662 3060 conditiones
687 2985 944 3076 verificantur,
971 2992 1011 3059 et
1035 2985 1176 3082 conjux
1202 2985 1254 3058 ad
1283 2985 1401 3059 fidem

166 3125 375 3176 conversus
398 3127 543 3176 novum
564 3100 858 3176 matrimonium
882 3099 967 3194 init,
986 3100 1186 3175 vinculum
1203 3101 1309 3200 quod
1331 3125 1402 3199 per

166 3216 462 3293 matrimonium
504 3217 547 3292 in
592 3216 822 3293 infidelitate
863 3225 1103 3292 contractum
1145 3217 1401 3292 constitutum

166 3333 304 3426 fuerat,
335 3333 572 3410 dissolvitur.
635 3333 704 3409 Sin
734 3342 864 3409 autem
895 3340 985 3432 post
1012 3332 1254 3432 baptismum
1284 3332 1401 3408 unius

166 3450 354 3552 conjugis,
370 3453 440 3527 sed
456 3459 664 3551 antequam
686 3475 807 3525 novas
829 3449 936 3525 ineat
958 3448 1126 3548 nuptias,
1144 3449 1243 3524 alter
1260 3449 1401 3547 conjux

165 3565 285 3642 etiam
310 3574 559 3644 convertatur
582 3568 634 3643 ad
660 3569 778 3642 fidem
803 3573 844 3642 et
867 3565 1096 3664 baptizetur,
1120 3565 1184 3640 hic
1208 3566 1261 3641 ad
1284 3565 1400 3639 illum

165 3688 354 3784 tanquam
371 3685 575 3784 conjugem
592 3683 858 3782 recipiendum
875 3688 1040 3774 tenetur,
1054 3689 1094 3757 et
1110 3684 1162 3756 ad
1178 3681 1400 3756 cohabitan-

167 3801 263 3875 dum
283 3825 372 3876 cum
390 3827 435 3876 eo
452 3800 635 3899 compelli
655 3806 794 3899 potest.
851 3799 908 3895 (Ο.
931 3797 1176 3879 0001101018
1194 3799 1243 3872 de
1261 3796 1400 3871 Divor·

167 3915 253 4008 tiis;
279 3915 322 3991 iu
345 3941 461 3992 causa
485 3912 723 4008 Florentina,
742 3917 763 3989 1
789 3913 887 3989 Julii
911 3914 1021 4008 1679,
1039 3920 1078 3988 01
1102 3915 1151 3988 13
1173 3915 1272 4012 Apr.
1291 3913 1400 4006 1860,

167 4033 328 4130 apudS.
347 4032 538 4132 (100110.)
760 4120 769 4133 ἱ

218 4150 301 4225 129.
328 4148 479 4248 Oonjux
495 4149 563 4249 qui
581 4150 665 4248 jam
688 4147 981 4224 matrimonium
1003 4146 1044 4221 in
1065 4145 1293 4221 infidelitate
1313 4171 1401 4221 cum

167 4263 316 4340 infideli
345 4266 549 4359 contraxit,
576 4273 615 4341 et
643 4289 852 4340 conversus
877 4263 1018 4338 deinde
1048 4265 1098 4338 ad
1127 4264 1245 4338 fidem
1275 4262 1400 4361 bapti-

168 4388 278 4457 zatus
299 4381 385 4477 fuit,
403 4381 540 4482 nequit
561 4406 707 4458 novum
731 4379 1026 4455 matrimonium
1048 4378 1160 4473 inire,
1177 4378 1273 4478 quin
1293 4379 1403 4479 prius

167 4497 391 4597 interpellet
432 4499 636 4597 conjugem
679 4497 875 4572 infidelem
909 4494 1010 4570 circa
1043 4496 1127 4593 ejus
1161 4495 1402 4570 voluntatem

168 4614 416 4690 cohabitandi
450 4614 607 4714 pacifice
636 4621 676 4689 et
705 4612 789 4687 sine
819 4611 1013 4687 Creatoris
1047 4611 1202 4710 injuria.
1257 4610 1404 4700 Quodsi
