3142 5242
510 476 565 522 nn
593 477 774 525 60101116
803 478 854 524 11
883 445 1092 528 11161116.
1358 465 1419 527 131

181 629 335 704 animae
360 631 486 706 salute
511 631 791 730 periclitentur,
810 635 934 710 multo
952 636 1079 735 magis
1097 662 1168 711 nos
1185 637 1296 711 decet
1312 633 1419 711 omui

179 771 257 844 qua
282 745 373 821 licet
397 746 548 822 ratione
573 773 708 823 eorum
733 749 835 826 bono
861 750 1058 850 spirituali
1081 751 1299 853 providere.
1351 749 1418 826 Ad

179 864 283 960 quod
314 861 481 938 officium
514 863 590 939 1116
622 862 890 965 exequendum
924 893 1000 967 quo
1035 867 1161 968 magis
1194 867 1417 961 excitemur,

179 1002 295 1076 saepe
319 979 509 1055 memoria
533 981 750 1057 recolamus
774 982 1009 1060 suavissima
1033 984 1105 1060 illa
1121 981 1268 1059 Christi
1285 983 1416 1076 verba,

178 1095 317 1192 quibus
331 1097 642 1172 benevolentiam
660 1097 741 1173 illis
759 1100 987 1197 praestitam
1003 1100 1200 1176 beneficiis
1216 1099 1258 1175 in
1278 1101 1415 1199 Ipsum

177 1211 328 1286 collatis
358 1215 693 1289 adnumerandam
718 1216 802 1290 1016
825 1216 1027 1314 promisit:
1060 1216 1217 1316 Hospes
1242 1241 1349 1292 eram
1375 1223 1416 1292 et

176 1327 386 1426 collegistis
413 1329 492 1405 Me.
544 1329 621 1420 Qui
639 1331 851 1430 susceperit
867 1358 990 1408 unum
1007 1333 1218 1432 parvulum
1234 1332 1354 1407 talem
1371 1330 1413 1408 in

176 1445 334 1521 nomine
359 1472 458 1541 meo,
485 1446 554 1522 Me
586 1447 757 1547 suscipit
810 1450 940 1525 Amen
966 1450 1052 1525 dico
1077 1449 1199 1541 vobis,
1225 1447 1414 1548 quamdiu

174 1561 317 1637 fecistis
345 1562 413 1638 uni
439 1588 487 1638 61
511 1563 573 1638 his
590 1564 776 1640 fratribus
802 1565 900 1641 meis
926 1565 1112 1660 minimis,
1131 1563 1234 1641 Mihi
1257 1563 1412 1640 fecistis.

178 1678 337 1777 (Matth.
357 1701 457 1756 xxv.
475 1683 537 1774 35,
553 1680 626 1773 403
652 1702 776 1757 11111.
794 1684 848 1780 5.)

224 1797 309 1871 233.
346 1796 532 1872 Libenter
551 1797 797 1896 agnoscimus
820 1805 860 1875 61
882 1800 1199 1874 commendamus
1223 1799 1350 1875 zelum
1372 1805 1413 1875 et

172 1911 403 2010 religionem
428 1913 656 1988 societatum
682 1916 941 2013 quarumdam
971 1915 1285 2006 Hibernicarum,
1309 1915 1413 1990 inter

171 2054 270 2127 quas
295 2029 592 2104 commemorari
618 2031 733 2107 debet
756 2029 828 2106 illa
852 2056 951 2131 quae
981 2057 1005 2106 a
1029 2031 1176 2106 colonis
1201 2030 1412 2106 Catholicis

170 2143 355 2243 juvandis
372 2171 514 2221 nomen
532 2146 660 2240 habet,
675 2145 770 2222 Piae
783 2172 936 2247 quoque
952 2172 1024 2248 pro
1037 2146 1184 2222 colonis
1202 2145 1411 2222 Germanis

172 2261 353 2354 Unionis,
368 2288 467 2361 quae
484 2289 508 2338 a
525 2264 562 2338 S.
578 2262 779 2361 Raphaelo
791 2270 956 2362 patrono
974 2263 1211 2356 nominatur,
1226 2262 1409 2338 aliarum·
1478 2336 1484 2351 „

171 2404 247 2477 que
263 2377 439 2476 ejusdem
457 2378 600 2455 indolis
613 2405 713 2479 quae
729 2404 873 2478 magna
889 2378 1107 2454 constantia
1119 2384 1161 2454 et
1176 2377 1279 2454 felici
1292 2377 1410 2474 exitu,
1494 2396 1498 2403 '

172 2503 217 2571 ut
241 2496 397 2571 colonos
420 2495 504 2571 sive
526 2495 654 2595 primo
679 2495 930 2571 advenientes
953 2495 1036 2571 sive
1059 2494 1342 2594 aliquantisper
1365 2493 1409 2571 in

170 2611 244 2686 hac
266 2611 425 2710 regione
446 2618 703 2687 commoratos
727 2637 801 2711 ope
826 2618 865 2688 et
887 2611 1059 2688 consiliis
1076 2609 1157 2686 suis
1174 2615 1409 2706 tutarentur,

170 2729 358 2804 hactenus
385 2729 675 2807 adlaborarunt'
1373 2819 1377 2828 Ι

222 2846 308 2921 234.
352 2844 527 2920 Maxime
555 2847 772 2945 optandum
802 2852 862 2921 est
891 2852 936 2921 ut
960 2846 1066 2944 apud
1097 2847 1212 2922 urbes
1242 2844 1411 2943 majores

170 2987 293 3061 prope
322 2969 510 3037 oceanum
540 2962 635 3038 sitas
664 2969 705 3037 et
737 2963 788 3038 ad
818 2987 914 3062 quas
944 2963 1175 3061 plerumque
1204 2961 1410 3059 adpellunt

169 3078 296 3154 coloni
322 3103 370 3152 61
395 3078 555 3177 Europa
583 3086 855 3172 commeantes,
881 3078 1168 3154 constituantur
1192 3078 1409 3152 sacerdotes

169 3194 380 3294 prudentia
404 3202 445 3270 et
468 3195 503 3270 si
532 3195 615 3270 fieri
640 3201 770 3294 potest
797 3193 1022 3293 linguarum
1052 3193 1194 3293 peritia
1223 3193 1408 3292 insignes,

168 3337 335 3411 quorum
362 3311 613 3410 praecipuum
632 3337 775 3387 munus
798 3311 850 3386 sit
870 3311 1041 3386 advenas
1068 3310 1284 3385 Catholicos
1310 3309 1407 3384 exci-

169 3453 274 3527 pere,
291 3427 417 3527 iisque
440 3453 481 3503 se
502 3430 618 3504 duces
641 3435 681 3504 et
702 3425 943 3502 consiliarios
960 3427 1156 3525 praebere.
1209 3425 1408 3501 Malorum

168 3545 275 3621 enim
309 3545 514 3620 hominum
552 3545 754 3620 fraudibus
793 3552 833 3619 et
869 3542 1022 3618 insidiis
1061 3542 1285 3641 hujusmodi
1324 3542 1409 3618 loca

169 3668 326 3737 scatent
391 3659 645 3736 Potissimum
679 3686 771 3736 vero
815 3658 972 3735 solliciti
1014 3659 1095 3734 sint
1137 3661 1185 3735 de
1227 3658 1407 3734 foeminis

165 3776 388 3876 junioribus
422 3784 463 3854 61
499 3777 641 3877 puellis
676 3803 774 3877 quae
807 3801 933 3876 saepe,
968 3775 1077 3851 nullo
1111 3774 1263 3868 comite,
1299 3774 1407 3850 nullo

170 3896 329 3970 custode
358 3902 428 3970 aut
455 3901 595 3987 tutore,
621 3893 696 3968 iter
724 3892 884 3969 16611111.
953 3889 1041 3967 Η66
1071 3917 1240 3990 namque
1275 3917 1298 3965 a
1331 3891 1408 3989 piis

170 4011 399 4111 parentibus
427 4010 542 4109 juxta
575 4019 745 4086 veterem
781 4034 930 4084 morem
965 4033 1009 4084 ac
1042 4007 1290 4106 disciplinam
1325 4007 1408 4083 ruri
1521 3993 1527 4010 ’

170 4129 355 4204 educatae
387 4152 619 4227 magnarum
659 4125 815 4202 urbium
853 4125 1093 4222 corruptelas
1136 4130 1177 4198 et
1217 4122 1409 4198 lenocinia

171 4243 331 4319 omnino
365 4244 553 4319 nesciunt.
623 4244 701 4318 Pro
730 4242 901 4341 ingenua
934 4240 1110 4339 ipsarum
1144 4238 1277 4314 indole
1307 4239 1407 4314 nihil

170 4360 418 4458 suspicantur
440 4367 480 4436 et
504 4359 617 4435 166116
640 4358 821 4434 omnibus
845 4358 1018 4432 credunt.
1071 4356 1176 4431 Hinc
1199 4353 1241 4428 in
1266 4379 1407 4453 magno

170 4476 382 4575 pudicitiae
411 4503 455 4552 66
484 4475 685 4575 religionis
716 4475 953 4549 amittendae
982 4472 1153 4572 periculo
1184 4495 1299 4569 saepe
1324 4496 1407 4546 ver·

170 4601 320 4668 santur.
372 4595 437 4668 Ad
463 4594 535 4669 hoc
561 4593 709 4667 malum
736 4591 991 4666 avertendum
1018 4587 1190 4664 familiae
1216 4588 1408 4685 quaedam

306 4714 348 4777 16
