3142 5242
609 475 663 521 on
693 434 981 522 carncnrsno'.
1349 457 1413 521 119

174 631 236 707 vel
255 657 390 706 eorum
404 631 539 707 vicarii
557 630 712 730 saepius
730 632 873 706 adeant
890 629 1094 706 dominicis
1108 630 1243 705 diebus
1261 629 1412 704 scholas

173 746 407 841 catechismi,
421 747 623 823 ferialibus
640 755 771 823 autem
788 747 1040 847 parochiales,
1055 772 1099 823 ac
1116 745 1234 822 etiarn
1248 745 1412 845 collegia

173 889 246 939 seu·
258 864 464 964 gymnasia
488 871 529 940 et
550 863 767 939 academias
784 889 994 964 puerorum
1012 871 1052 939 et
1074 863 1294 963 puellarum
1312 888 1411 961 quae
1466 880 1469 887 '

173 1005 196 1054 a
224 981 489 1056 sacerdotibus
517 1006 596 1056 non
622 988 823 1079 reguntur.
875 979 1150 1079 Praeceptores
1175 979 1408 1054 sacerdotali

172 1097 392 1173 charactere
418 1122 496 1172 non
521 1097 711 1196 insigniti,
729 1094 1010 1196 sivereligiosi
1035 1095 1119 1171 sive
1141 1095 1241 1189 laici,
1266 1121 1408 1194 magno

172 1212 351 1311 equidem
386 1221 479 1288 sunt
513 1214 738 1312 adjumento
777 1212 819 1288 in
852 1212 1044 1311 juvenum
1078 1211 1333 1302 institutione,
1368 1220 1409 1288 at

171 1354 315 1404 munus
344 1328 455 1405 verbi
491 1330 566 1405 Dei
599 1330 761 1406 docendi
792 1329 867 1405 sibi
900 1329 1104 1428 proprium
1139 1353 1217 1404 non
1252 1329 1407 1404 habent.

172 1451 193 1487 “
206 1445 330 1521 Labia
355 1446 460 1540 enim
486 1447 695 1522 sacerdotis
725 1445 943 1521 custodient
973 1444 1186 1538 scientiam,
1213 1452 1253 1520 et
1282 1445 1406 1543 legem

169 1562 371 1661 requirent
396 1589 443 1638 ex
469 1589 535 1638 ore
561 1563 681 1661 ejus.”
712 1562 824 1661 (Mal.
844 1584 890 1637 11.
910 1563 961 1662 7.)

169 1741 173 1748 .
220 1679 307 1753 218.
341 1678 367 1753 J
370 1680 531 1754 ubemus
561 1705 652 1778 ergo
683 1686 727 1754 ut
760 1679 1015 1778 parvulorum
1046 1704 1178 1754 curam
1210 1679 1405 1754 assiduam

169 1794 340 1871 habeant
377 1795 599 1871 animarum
636 1803 814 1888 rectores,
849 1795 1079 1894 praesertim
1118 1821 1194 1894 quo
1232 1801 1407 1895 tempore

169 1920 359 2011 parantur
389 1914 439 1988 ad
470 1937 619 1987 sacram
651 1911 829 2011 synaxim
860 1911 989 2010 prima
1019 1911 1101 1986 vice
1131 1912 1406 2010 recipiendam,

169 2028 391 2126 etquidem
423 2036 467 2105 ut
495 2028 654 2128 ipsimet
683 2035 849 2103 rectores
875 2028 938 2102 vel
969 2054 1104 2103 eorum
1131 2028 1265 2103 vicarii
1296 2054 1405 2128 prae·

169 2143 292 2219 dictos
322 2145 508 2244 parvulos
538 2145 676 2220 saltem
706 2168 776 2242 per
805 2168 873 2236 seir
906 2145 1171 2219 hebdomadas
1201 2150 1241 2220 et
1273 2151 1334 2220 ter
1363 2144 1404 2219 in

169 2285 400 2360 unaquaque
424 2261 669 2337 hebdomada
698 2262 853 2359 (saltem
879 2261 920 2336 in
947 2262 1029 2335 loco
1057 2259 1125 2335 ubi
1149 2261 1322 2336 resident
1341 2262 1405 2336 vel

168 2378 219 2452 ad
246 2403 362 2476 quem
389 2378 541 2453 facilius
569 2379 747 2483 accedere
772 2379 967 2476 possunt),
992 2377 1269 2453 catechismum
1295 2380 1404 2453 doce·

167 2505 247 2568 ant.
300 2494 427 2569 Nemo
451 2495 501 2569 ad
522 2493 826 2568 confirmationis
853 2493 1137 2591 susceptionem
1162 2492 1404 2587 admittatur,

167 2610 262 2708 quin
287 2610 495 2708 diligenter
511 2610 730 2684 instruatur
755 2611 803 2685 de
828 2608 889 2702 iis,
907 2635 1005 2708 quae
1023 2611 1075 2685 ad
1096 2619 1277 2685 naturam
1295 2610 1403 2686 effec-

166 2731 329 2824 tumque
353 2727 471 2824 hujus
497 2725 730 2801 sacramenti
755 2733 941 2825 spectant
993 2725 1233 2824 Episcopum
1260 2726 1403 2825 itaque,

166 2843 498 2917 confirmationem
526 2842 833 2918 adolescentibus
862 2843 1096 2918 collaturum
1125 2841 1331 2917 hortamur
1361 2853 1406 2919 ut

166 2960 451 3034 confirmandos
477 2960 559 3034 sive
584 2984 655 3058 per
681 2984 722 3034 se
747 2958 831 3034 sive
858 2960 1130 3058 presbyterum
1159 2957 1200 3033 in
1228 2960 1405 3035 doctrina

167 3074 390 3150 Christiana
431 3076 636 3151 examinet.
714 3076 900 3174 Satagant
942 3074 1103 3176 insuper
1145 3084 1324 3168 rectores,
1360 3083 1405 3152 ut

165 3189 278 3289 pueri
298 3192 527 3290 puellaeque
552 3199 643 3290 post
667 3191 836 3290 primam
863 3216 975 3266 suam
1001 3191 1314 3266 communionem
1333 3217 1403 3291 per

166 3308 265 3381 duos
290 3308 568 3407 subsequentes
594 3333 717 3382 annos
744 3307 983 3381 Catholicam
1013 3306 1230 3382 doctrinam
1257 3310 1404 3406 s'uaque

166 3447 331 3498 munera
355 3424 577 3499 Christiana
602 3423 742 3498 melius
768 3425 1012 3499 edoceantur.

216 3541 303 3615 219.
330 3539 469 3639 Magni
485 3542 613 3634 refert,
633 3547 676 3615 ut
700 3539 956 3614 catechismus
974 3542 1166 3638 perfectus
1193 3541 1245 3617 sit
1268 3566 1401 3616 nume·

165 3654 297 3755 risque
314 3657 495 3731 omnibus
508 3657 719 3731 absolutus.
755 3656 813 3731 At
829 3656 961 3754 plures
979 3656 1201 3731 catechismi
1215 3657 1283 3757 qui
1297 3661 1403 3757 apud

166 3798 238 3847 nos
260 3772 506 3866 adhibentur,
524 3771 663 3864 manci,
682 3798 760 3846 non
785 3772 880 3846 satis
901 3773 1156 3871 parvulorum
1182 3773 1402 3872 intelligen-

164 3887 243 3964 tiae
264 3887 543 3964 accommodati
567 3894 635 3962 aut
658 3888 736 3963 alia
757 3887 909 3963 ratione
932 3888 1108 3962 mendosi
1131 3897 1233 3965 sunt.
1286 3889 1401 3965 Prae·

164 4012 273 4080 terea
305 4030 353 4080 ex
395 4030 439 4080 eo
482 4005 587 4104 quod
629 4002 745 4079 multi
778 4003 882 4079 inter
916 4012 1109 4079 nostrates
1143 4029 1258 4104 saepe
1293 4008 1402 4081 sedes

166 4128 330 4215 mutent,
365 4129 435 4197 aut
467 4120 596 4196 varias
635 4120 786 4195 scholas
822 4119 934 4219 pueri
973 4146 1107 4195 eorum
1146 4123 1401 4220 frequentent,

166 4261 281 4313 nemo
312 4263 391 4313 non
421 4237 528 4313 videt
558 4262 676 4335 quam
706 4262 851 4335 magna
874 4238 1123 4312 incommoda
1152 4237 1328 4313 oriantur
1357 4264 1403 4313 ex

165 4353 355 4430 varietate
372 4361 412 4429 et
428 4378 590 4429 numero
609 4352 943 4447 catechismorum,
961 4352 1030 4452 qui
1047 4352 1089 4428 in
1113 4353 1174 4429 his
1192 4354 1403 4453 provinciis

165 4468 500 4545 circumferuntur.
547 4470 605 4544 Re
624 4468 745 4568 igitur
761 4477 915 4544 mature
927 4495 1118 4569 perpensa
1135 4470 1343 4545 statuimus
1360 4478 1405 4546 ut

163 4586 370 4661 comitatus
413 4585 642 4661 instituatur
677 4585 880 4660 Rmorum.
917 4585 1202 4685 Episcoporum
1237 4612 1403 4685 quorum
