3142 5242
172 496 234 559 164
323 510 506 557 'l’l'l‘ULL'S
536 510 710 557 rx.-1>r:
740 509 864 555 BONIS
895 509 1263 557 Eccrfflsmsrlcls.

169 666 443 765 temporalium
476 664 812 741 administratione
843 664 1036 740 Ecclesiae
1070 663 1263 739 ministris
1290 666 1407 740 verbo

170 788 210 858 et
234 808 351 881 opere
376 782 565 857 auxilium
591 782 729 874 ferant,
748 781 917 856 maxime
935 806 1027 856 vero
1052 780 1200 856 aeditui
1225 781 1406 880 quibusa

171 899 256 996 lege
281 898 388 973 civili
414 898 577 973 facultas
604 899 696 972 data
720 904 781 972 est
805 896 1109 973 administrandi
1133 897 1237 972 bona
1257 897 1404 973 ecclesi·

170 1013 300 1106 astica,
326 1013 499 1111 graviter
528 1013 705 1111 serioque
737 1012 961 1111 recogitent,
989 1039 1031 1088 se
1065 1013 1225 1088 omniuo
1256 1013 1404 1113 legibus

170 1128 365 1205 Ecclesiae
381 1129 527 1222 tencri;
553 1155 803 1229 quaecunque
820 1137 954 1204 contra
971 1155 1164 1205 canonum
1190 1130 1403 1204 sanctiones

170 1246 232 1320 vel
260 1244 444 1345 Episcopi
470 1254 617 1321 statuta
642 1246 691 1320 ab
717 1246 773 1321 eis
799 1254 955 1344 peracta
979 1244 1136 1339 fuerint,
1153 1244 1403 1345 quantumvis

168 1361 211 1436 in
241 1362 324 1436 foro
355 1360 542 1437 saeculari
572 1370 659 1437 rata
688 1363 877 1461 firmaque
906 1361 1134 1455 habeantur,
1160 1387 1294 1437 coram
1324 1360 1401 1436 Deo

168 1485 209 1553 et
238 1478 409 1553 Ecclesia
440 1477 615 1553 invalida
648 1478 783 1553 haberi
817 1485 856 1553 et
890 1479 1021 1568 nulla;
1057 1478 1206 1575 seipsos
1236 1503 1342 1571 vero,
1371 1476 1400 1551 si

168 1594 271 1669 bona
288 1601 327 1669 et
346 1595 439 1691 jura
465 1594 659 1669 Ecclesiae
685 1594 922 1691 usurpa-rint,
948 1592 1156 1669 incurrisse
1183 1618 1330 1692 poenas
1356 1594 1402 1668 ab

168 1712 304 1785 eadem
323 1718 500 1785 statutas

130 1924 132 1931 Ι
218 1827 303 1901 286.
348 1826 445 1901 Cum
488 1826 529 1900 in
573 1827 752 1925 pluribus
795 1826 1005 1926 provinciis
1052 1826 1196 1902 nostris
1238 1836 1402 1903 rectores

168 1942 416 2018 ecclesiarum
434 1941 521 2042 ipsa
538 1943 624 2041 lege
649 1942 935 2018 constituantur
952 1968 999 2017 ex
1015 1943 1138 2017 officio
1156 1944 1400 2019 ecclesiarum

168 2084 328 2134 suarum
355 2058 513 2151 aeditui,
531 2067 642 2134 caute
661 2059 771 2133 uobis
789 2058 1075 2156 providendum
1093 2066 1153 2133 est
1171 2084 1230 2153 ne,
1249 2060 1401 2159 quando

168 2201 321 2250 necesse
337 2175 457 2250 fucrit
473 2182 662 2250 rectorem
680 2175 851 2273 aliquem
870 2200 1029 2250 munere
1047 2200 1117 2250 suo
1135 2174 1304 2274 privare,
1323 2177 1402 2274 ipse

167 2316 238 2390 per
277 2291 520 2390 interjectam
555 2291 858 2389 appellationem
893 2291 1107 2366 sententiae
1141 2292 1402 2367 executionem

167 2406 368 2506 impediat,
394 2407 513 2482 etsie
539 2407 706 2482 officium
733 2406 877 2482 aeditui
908 2433 1038 2482 coram
1073 2416 1265 2506 potestate
1299 2407 1402 2483 civili

138 2532 377 2599 conservet.
429 2523 645 2598 Statuimus
676 2549 779 2622 ergo,
806 2532 1001 2600 annuente
1035 2524 1265 2622 Apostoliea
1294 2526 1400 2612 Sede,

167 2640 319 2713 nullum
337 2647 526 2714 rectorem
553 2640 670 2713 etiam
697 2640 989 2715 inamovibilenr
1011 2640 1179 2738 juridice
1196 2652 1400 2730 remotum,

167 2756 398 2853 depositum,
418 2756 480 2830 vel
507 2780 667 2830 munere
694 2781 763 2830 suo
790 2755 1000 2853 privatum,
1018 2764 1152 2830 contra
1169 2757 1400 2831 seutentiam

167 2871 363 2946 Ordinarii
390 2876 429 2946 iu
454 2876 665 2971 suspensivo,
689 2880 731 2947 ut
757 2873 878 2965 aiunt,
902 2873 1101 2971 appellare
1127 2898 1253 2970 posse,
1272 2876 1340 2948 sed
1365 2877 1403 2947 in

167 2990 361 3063 derrolratiuo
387 2997 551 3079 tantum,
570 2987 626 3061 ita
652 2996 696 3063 ut
720 2988 872 3063 desinat
899 3014 981 3063 esse
1012 2989 1190 3062 aedituus
1222 2990 1401 3064 ecclesiae

166 3105 274 3200 cujus
291 3112 417 3178 rector
442 3112 535 3195 erat,
555 3104 617 3177 vel
644 3115 842 3202 perpetuo,
863 3105 923 3178 vel
948 3107 1134 3202 usquead
1153 3114 1310 3203 tempus
1328 3131 1401 3204 quo

161 3220 282 3317 judex
299 3224 473 3318 adquam,
494 3220 692 3295 definitive
711 3221 818 3295 litem
837 3221 1061 3309 terurinaus,
1081 3247 1168 3294 eum
1196 3220 1239 3294 in
1261 3247 1402 3296 munus

165 3361 280 3410 saum
306 3336 555 3433 redintegret.
610 3338 855 3434 Quapropter
881 3363 1002 3434 usque
1030 3340 1080 3410 ad
1106 3336 1186 3410 litis
1219 3338 1400 3412 termina·

165 3452 311 3527 tionem
330 3478 407 3525 uon
427 3454 624 3527 delinitivc
643 3453 742 3526 alius
760 3462 895 3545 rector,
915 3455 981 3527 sed
1001 3452 1298 3528 administrator
1315 3480 1402 3529 crim

159 3568 313 3665 juribus
339 3569 646 3665 competentibus
673 3569 909 3662 instituetur,
931 3577 970 3643 et
998 3570 1216 3668 Episcopus
1244 3570 1402 3645 iuterim

166 3685 376 3783 utriusque,
420 3691 504 3758 tum
557 3685 675 3759 aumti
728 3686 886 3759 rectoris
930 3696 1014 3759 tum
1058 3685 1402 3779 administratoris

164 3801 347 3875 honest-ac
365 3801 638 3875 sustentationi
656 3801 888 3900 providebit.

212 3919 298 3993 287.
334 3919 399 3991 Ad
426 3917 615 3991 unitatem
642 3918 869 4015 disciplinae
895 3943 965 4016 per
993 3944 1127 3993 omnes
1148 3919 1229 3993 fere
1249 3928 1403 3994 nostras

163 4033 383 4129 provincias
408 4033 576 4130 vigentis
607 4037 925 4131 promovendam,
953 4042 1141 4133 quantum
1176 4034 1241 4109 lex
1272 4061 1402 4111 saecu·

163 4149 256 4223 laris
282 4150 485 4248 permittit,
512 4157 553 4224 ct
578 4177 653 4248 quo
680 4151 820 4225 certius
848 4151 923 4224 viri
952 4151 1090 4249 optimi
1116 4158 1157 4225 ot
1181 4153 1403 4226 fidelissimi

161 4266 203 4338 in
238 4266 493 4358 aedituorum,
520 4277 741 4341 curatorum
776 4277 816 4341 et
849 4267 1160 4341 consiliariorum
1192 4293 1402 4342 numerum

161 4391 421 4475 assumantur,
439 4393 641 4481 sequentes
660 4384 814 4481 regulas
833 4385 1039 4459 observatu
1065 4385 1400 4459 commendamus.

211 4498 243 4572 I.
290 4498 473 4596 Episcopi
512 4506 571 4573 est
607 4499 783 4596 judicare
821 4508 906 4574 tum
946 4502 994 4574 de
1034 4500 1262 4574 necessitate
1301 4500 1401 4575 tales

160 4615 383 4689 auxiliarios
407 4615 524 4690 laicos
548 4616 770 4709 adhibendi,
789 4622 874 4690 tum
892 4618 940 4692 de
964 4641 1294 4710 numerosorum,
1313 4624 1398 4691 tum

160 4732 208 4805 de
225 4733 340 4806 modo
357 4757 422 4807 eos
440 4731 681 4829 designandi.
