3142 5242
394 490 396 493 ·
487 473 542 520 na
571 473 826 520 uunnmnus
855 473 1100 520 aserenon.
1345 459 1406 520 159

170 634 366 722 notarunt,
386 629 554 705 maxime
571 655 703 705 rerum
721 630 936 721 mobilium,
956 636 1001 704 ut
1016 625 1279 726 supellectilis,
1294 652 1404 703 orna·

169 753 391 820 mentorum
422 746 731 839 sacerdotalium,
759 771 942 821 vasorum
971 769 1177 820 aureorum
1208 752 1403 842 argenteo·

167 886 345 961 rumque,
363 862 447 938 sive
469 864 519 938 ab
541 861 756 938 individuis
778 861 959 937 fidelibus
982 861 1066 937 sive
1088 886 1112 936 a
1135 860 1406 937 sodalitatibus

168 985 308 1076 sponte
339 978 520 1054 ecclesiae
552 976 692 1054 rectori
727 977 868 1053 oblatis
903 974 1066 1054 dubium
1096 985 1158 1052 sat
1185 976 1406 1077 frequenter

168 1094 304 1184 oritur,
326 1103 459 1170 utrum
486 1097 537 1171 ad
563 1095 667 1170 hunc
692 1094 914 1193 pertineant
938 1120 988 1169 an
1015 1095 1066 1169 ad
1091 1093 1317 1170 missionem
1341 1095 1404 1170 vel

167 1211 392 1288 ecclesiam:
427 1211 681 1304 decernimus,
709 1210 785 1286 nisi
811 1211 1049 1286 contrarium
1079 1210 1259 1309 explicite
1288 1211 1407 1287 fuerit

167 1354 192 1404 a
220 1329 472 1404 donatoribus
500 1329 750 1425 declaratum,
777 1353 841 1403 res
870 1327 966 1403 istas
994 1353 1077 1405 esso
1104 1327 1286 1403 ecclesiae
1316 1353 1402 1426 pro·

166 1444 386 1544 prietatem,
421 1453 537 1545 atquo
579 1444 667 1521 ideo
704 1471 829 1545 neque
862 1452 1051 1521 rectorem
1093 1443 1135 1519 in
1169 1444 1340 1520 discessu
1381 1472 1405 1521 a

167 1561 364 1652 missione,
396 1587 520 1661 neque
551 1563 634 1660 ejus
664 1562 850 1637 haeredes
881 1568 969 1660 post
997 1561 1121 1660 ipsius
1151 1561 1312 1655 obitum,
1337 1562 1405 1661 jus

166 1677 310 1754 habere
349 1680 399 1754 ad
434 1704 499 1753 eas
533 1679 788 1753 removendas
823 1679 886 1753 vel
922 1678 1153 1753 vendendas,
1223 1678 1405 1753 Servetur

166 1794 298 1893 itaque
315 1795 451 1893 regula
468 1801 627 1888 statuta,
645 1820 691 1869 ea
708 1794 854 1870 scilicet
870 1819 970 1893 quae
987 1793 1252 1869 ecclesiasticis
1271 1794 1404 1870 usibus

166 1919 261 2009 apta
283 1911 422 1986 rectori
446 1910 692 1986 missionario
717 1913 922 2004 donantur,
941 1936 1024 1986 esse
1048 1910 1223 1985 missioni
1248 1911 1402 2005 donata,

166 2027 244 2102 nisi
261 2028 500 2103 contrarium
518 2028 620 2103 clare
639 2034 678 2103 et
694 2026 962 2102 indubitanter
978 2034 1122 2126 pateat.
1158 2027 1252 2124 (cfr.
1272 2028 1402 2104 Const.

167 2144 351 2220 Boomuos
371 2143 569 2244 Pontifices
580 2174 596 2234 ;
628 2143 904 2219 O.Westmon.
931 2143 999 2236 ΙΙ.,
1023 2145 1186 2238 d.V111.,
1211 2170 1249 2220 n.
1274 2147 1399 2246 x111.¹)

216 2260 301 2337 277.
334 2261 501 2335 Etiamsi
528 2261 637 2336 nulla
657 2260 835 2359 justitiae
860 2260 923 2336 lex
948 2260 990 2336 id
1016 2259 1078 2336 hic
1102 2259 1295 2361 injungat,
1322 2261 1401 2361 spi·

164 2377 266 2452 ritus
290 2384 422 2452 tamen
450 2377 657 2476 Evangelii
684 2385 722 2452 et
748 2377 970 2452 Christiana
995 2376 1164 2457 charitas
1189 2379 1402 2477 postulant,

165 2501 211 2569 ut
236 2496 286 2569 ad
317 2493 402 2593 pias
429 2518 564 2569 causas
594 2495 880 2592 promovendas
910 2493 1158 2568 contribuant
1187 2497 1403 2570 sacerdotes

165 2636 214 2686 ex
237 2609 443 2708 superfluis
470 2610 563 2703 suis,
582 2617 697 2709 atque
722 2616 767 2684 ut
792 2609 1000 2684 morientes
1025 2608 1066 2684 in
1094 2612 1259 2686 eundem
1287 2612 1402 2687 finem

165 2726 378 2826 disponant
394 2729 442 2802 de
460 2733 570 2826 parte
594 2727 733 2801 saltem
758 2725 998 2801 substantiae
1015 2750 1132 2824 quam
1156 2725 1262 2825 ipsos
1280 2728 1411 2826 possi·

166 2846 258 2918 dere
293 2843 508 2941 contigerit.
578 2842 699 2917 Haud
733 2867 821 2916 raro
864 2848 995 2916 tamen
1030 2868 1076 2917 ex
1111 2842 1306 2922 oblivione
1340 2845 1402 2927 uel

166 2960 345 3058 neglectu
375 2984 499 3058 neque
529 2958 724 3033 Ecclesiae
753 2983 878 3057 neque
905 2983 1122 3057 pauperum
1150 2962 1402 3036 recordantur

164 3077 393 3151 decedentes
411 3075 649 3174 presbyteri3
676 3074 770 3174 quin
795 3080 835 3148 et
857 3074 1006 3168 accidit,
1025 3082 1070 3150 ut
1091 3099 1178 3150 cum
1203 3076 1285 3151 suis
1300 3077 1403 3151 bona

165 3192 346 3267 ecclesiae
374 3191 437 3266 vel
465 3189 620 3290 piarum
649 3215 855 3265 causarum
882 3190 1076 3289 permixta
1102 3192 1337 3290 relinquant,
1365 3200 1405 3269 et

165 3307 221 3383 ita
238 3333 327 3382 cum
345 3308 527 3382 scandalo
545 3307 721 3382 fidelium
747 3314 863 3405 atque
885 3305 1087 3405 religionis
1104 3315 1190 3382 tum
1207 3309 1403 3407 spirituali

164 3432 251 3500 tum
268 3422 475 3522 temporali
500 3425 644 3498 damno
662 3423 849 3498 haeredes
865 3447 956 3498 suos
972 3422 1159 3499 ditescere
1176 3424 1318 3519 sinant,
1336 3432 1405 3501 aut

165 3541 351 3640 gravibus
393 3539 529 3614 litibus
564 3538 777 3638 praebeant
819 3539 1067 3640 occasionem.
1139 3541 1283 3616 Omnes
1316 3541 1402 3617 ideo

165 3657 396 3732 hortabatur
427 3656 540 3731 Conc.
570 3655 685 3732 Prov.
716 3655 1060 3731 Neo-Eboracense
1090 3656 1181 3750 ΙΙΙ.,
1207 3659 1308 3733 decr.
1333 3681 1402 3752 vl,

166 3781 212 3849 ut
240 3774 290 3849 de
319 3772 431 3847 bonis
462 3771 557 3865 suis,
582 3770 617 3847 si
647 3772 729 3846 ulla
754 3778 883 3846 essent
910 3770 1019 3870 ipsis,
1046 3778 1324 3850 testamentum
1354 3777 1404 3850 ad

167 3914 346 3965 normam
376 3888 508 3987 legum
539 3887 770 3987 tempestive
796 3888 1105 3980 conscriberent3
1140 3892 1245 3988 quod
1273 3890 1403 3966 horta·

166 4014 355 4099 mentum,
391 4005 483 4105 quia
516 4029 632 4103 saepe
670 4003 856 4079 hactenus
891 4004 1121 4101 neglectum,
1156 4007 1406 4083 vehementer

167 4125 295 4199 denuo
321 4123 572 4215 inculcamus,
599 4119 717 4195 simul
743 4128 957 4214 monentes,
983 4145 1032 4195 ne
1058 4145 1179 4221 usque
1205 4124 1256 4197 ad
1281 4130 1403 4199 extre·

167 4265 277 4315 mum
295 4238 499 4314 differatur
515 4236 677 4313 ultimae
694 4236 908 4312 voluntatis
931 4236 1183 4313 instrumenti
1206 4240 1402 4332 confectio,

167 4355 241 4430 hac
256 4362 412 4455 praeter
427 4353 525 4430 alias
541 4355 591 4429 de
608 4378 735 4447 causa,
753 4354 857 4451 quod
880 4352 986 4452 leges
1008 4353 1143 4429 civiles
1166 4380 1244 4430 non
1268 4381 1404 4454 agnos·

166 4480 256 4548 cant
282 4469 555 4570 dispositiones
580 4468 622 4544 in
649 4469 735 4568 pias
760 4493 895 4544 causas
921 4493 992 4568 per
1016 4476 1305 4565 testamentum,
1330 4470 1407 4546 nisi

201 4637 291 4692 ¹Vid0
302 4639 332 4690 in
343 4638 494 4707 Appmdioe,
506 4654 532 4705 p.
543 4637 601 4690 231.
