3142 5242
167 445 229 509 238
660 461 904 508 arasanrx.

164 640 236 699 vus,
251 617 397 705 protendi
412 619 453 684 ad
467 618 547 684 alios
561 640 688 705 quoque
702 639 792 682 casus
808 617 1001 682 necessitatis
1022 616 1055 680 in
1074 616 1239 681 communi
1253 615 1326 681 iure
1339 638 1402 681 non

164 722 393 804 consideratam
411 744 501 788 secus
514 722 601 787 enim
615 720 741 785 inutilis
754 720 811 785 ille
824 720 978 786 articulus
991 719 1149 802 evaderet,
1159 718 1275 784 saltem
1288 741 1351 806 pro
1365 719 1403 783 iis

76 885 83 896 ,
165 825 251 909 locis,
268 825 303 890 in
324 826 443 911 quibus
464 825 626 913 paroeciae
645 832 722 889 sunt
742 824 891 889 canonice
910 832 1038 908 erectae,
1055 823 1126 910 ipso
1148 822 1219 888 iure
1238 823 1401 887 communi

42 4760 115 4928 ἱ

163 952 223 1015 pro
247 929 300 995 his
321 929 475 1015 paroeciis
498 928 696 1014 disponente.
752 927 852 1009 Quod
872 937 1025 993 consonat
1048 949 1121 992 cum
1143 949 1181 992 eo
1201 924 1291 1013 quod
1313 924 1402 992 docet

164 1032 357 1098 Benedictus
385 1033 493 1103 XIV.
519 1032 555 1098 in
583 1054 678 1119 opere
705 1030 757 1098 De
780 1033 904 1100 Sacros.
925 1031 1044 1097 Missas
1067 1028 1253 1117 Sacrificio,³
1276 1030 1312 1095 in
1338 1053 1400 1118 quo

163 1147 333 1223 postquam
361 1137 553 1220 asseruisset,
583 1139 729 1220 “casum,
754 1137 810 1224 qai
832 1158 939 1201 resera
962 1136 1118 1220 contiaqit,
1138 1158 1209 1199 eum
1236 1157 1309 1218 esse,
1334 1157 1401 1199 cua

157 1241 318 1328 parochus
331 1242 414 1306 druos
427 1241 517 1306 babet
532 1241 714 1329 parochias,
728 1239 810 1307 etc.’'
823 1240 875 1307 his
888 1240 997 1307 verbis
1009 1240 1214 1328 prosequitur
1227 1265 1236 1305 z
1266 1241 1287 1275 “
1298 1239 1401 1326 Neque

162 1353 264 1410 tauma
277 1346 448 1432 quidpiam
463 1346 716 1432 praeiudicatum
733 1346 871 1410 uolumus
888 1345 928 1409 ds
945 1345 1019 1409 aliis
1036 1343 1168 1426 casibus,
1183 1343 1240 1430 qui
1257 1343 1400 1408 amidam

162 1450 198 1514 ia
211 1449 415 1533 missionibus,
429 1450 541 1536 quibus
554 1451 722 1515 abesdum
740 1456 783 1514 est
800 1450 988 1514 concedendo
1000 1448 1207 1513 τηὼείοηαήίε
1219 1447 1399 1532 facultates

157 1555 266 1642 plu-res
278 1554 454 1618 celebrandi
466 1555 578 1619 missas
594 1554 697 1618 codem
711 1554 761 1617 dia
768 1578 784 1632 ,·
804 1554 932 1640 itsmw
944 1553 984 1618 de
1001 1553 1075 1617 aliis
1092 1551 1226 1635 casibus,
1241 1552 1278 1616 ia
1291 1551 1400 1638 quidm

161 1659 208 1722 vel
226 1657 264 1722 ob
285 1659 421 1722 lomrum
441 1658 631 1741 distantiam,
645 1658 693 1722 vel
710 1656 749 1722 ob
765 1658 955 1745 paucitates
973 1657 1174 1739 sacerdotum,
1193 1661 1253 1720 aut
1271 1655 1399 1720 baadi-

161 1784 266 1826 ooram
280 1769 336 1827 aut
348 1762 519 1848 infidelium
536 1763 782 1849 persecutionem,
795 1783 836 1826 aa
846 1761 955 1847 fideles
969 1761 1066 1826 massa
1078 1767 1216 1843 careant,
1231 1783 1312 1846 opus
1324 1767 1367 1824 eat
1377 1782 1399 1824 a

160 1866 368 1930 sacerdotibus
382 1867 465 1930 duas
477 1867 589 1931 missas
601 1863 780 1931 calabrari.''
824 1864 872 1930 Et
883 1865 925 1930 de
938 1863 1122 1930 huiusmodi
1140 1864 1274 1952 quidem
1288 1864 1399 1946 causa

161 1993 242 2056 quae
261 1970 366 2035 locum
387 1971 421 2034 in
443 1969 649 2034 missionibus
665 1969 795 2053 habent,
809 1993 869 2056 pro
883 1969 1001 2056 quibus
1018 1969 1208 2034 missionum
1227 1969 1399 2055 superiori-

161 2073 222 2139 bus
235 2074 332 2139 datur
345 2073 492 2157 facultas,
508 2073 699 2160 loquebatur
716 2095 803 2138 anuo
823 2075 911 2138 1832
931 2072 965 2139 S.
981 2072 1197 2160 Congregatio
1215 2071 1258 2138 de
1277 2073 1399 2161 Propa-

159 2178 266 2265 ganda
286 2177 380 2262 Fide,
394 2200 468 2242 cum
488 2175 530 2242 ad
548 2176 709 2264 quendam
727 2176 964 2242 mimionarium
983 2175 1331 2262 Philippopolitanum,
1345 2176 1399 2264 qui

159 2304 224 2346 nou
254 2281 390 2346 iterabat
418 2282 540 2364 missas,
565 2281 716 2368 quamvis
743 2281 843 2346 variis
871 2280 1168 2347 Christianitatibus
1196 2280 1399 2368 praesideret,

159 2396 377 2472 opportunum
399 2385 548 2472 praebuit
567 2385 737 2450 monitum.
783 2383 936 2450 Iniuncta
955 2384 1075 2449 seilicet
1094 2382 1145 2448 illi
1168 2384 1286 2449 missae
1306 2384 1400 2451 itera·

158 2489 254 2571 tione,
266 2489 362 2554 etium
377 2512 418 2553 cx
432 2489 583 2554 mandato
597 2488 753 2575 generalis
767 2488 1042 2576 Congregationis,
1055 2487 1312 2575 adiungebatur:
1334 2489 1400 2556 “Si

158 2599 259 2656 autem
273 2615 417 2679 quaeras,
432 2615 489 2656 cur
494 2591 645 2676 facultati
657 2591 794 2655 iterandi
805 2592 932 2656 missam
944 2592 980 2656 ia
991 2591 1136 2676 formula
1148 2591 1275 2657 Induat
1287 2593 1399 2658 adiici·

158 2703 253 2759 autu-r
276 2697 350 2759 illae
376 2696 493 2779 siparis
520 2696 687 2777 clausae,
707 2695 841 2759 invenies
867 2695 904 2758 ia
931 2695 1005 2782 ipsa
1023 2695 1169 2780 formula
1195 2718 1397 2782 respersum

157 2799 330 2864 observabis
350 2801 441 2883 etaim,
463 2800 625 2865 Indabara
644 2822 710 2864 aaa
730 2800 860 2863 coerceri
880 2800 926 2864 ad
949 2800 1062 2886 populi
1081 2799 1274 2883 iruliyeutias
1293 2801 1399 2865 diebus

150 2902 269 2987 festivis
278 2931 294 2983 ,-
330 2905 385 2968 sed
413 2927 508 2989 quum
533 2903 729 2988 poematibus
755 2904 892 2967 terminis
919 2905 1120 2986 contineatur,
1149 2904 1399 2990 comprehendere

158 3030 275 3092 quoque
299 3009 378 3072 ulios
403 3031 504 3091 casus,
526 3008 565 3071 da
589 3007 699 3092 mribus
723 3008 840 3091 ayitur,
861 3008 1117 3094 qrtmuulmodum
1141 3014 1215 3071 esset
1239 3010 1399 3073 amasaitas

158 3112 401 3175 administrandi
420 3112 552 3198 infirmis
575 3111 726 3175 Italicum
743 3114 780 3175 ia
797 3119 929 3198 utruque
944 3112 1147 3199 paroecia,et
1167 3113 1203 3176 ia
1223 3111 1399 3177 huiusmodi

158 3214 231 3277 aliis
244 3215 367 3279 casibus
380 3217 479 3279 mcum
492 3215 603 3279 babere
616 3214 722 3278 debers
737 3217 952 3301 praescriptas
964 3213 1134 3280 micatus?

204 3321 255 3383 12.
286 3319 395 3404 Atque
409 3319 444 3382 in
459 3319 644 3384 huiusmodi
659 3319 779 3383 scilicet
792 3319 917 3384 casibus
931 3319 1038 3384 minus
1052 3318 1277 3405 frequentibus
1293 3321 1326 3386 in
1339 3343 1396 3385 usu

157 3420 225 3485 eius
240 3421 400 3486 facultatis
414 3421 588 3487 identidem
610 3421 738 3486 haerere
752 3422 907 3487 visisunt
924 3423 1077 3509 Episcopi
1091 3431 1124 3487 et
1138 3423 1345 3506 missionarii,
1359 3425 1397 3489 de

157 3547 323 3589 causarum
345 3527 529 3611 praesertim
548 3525 737 3590 sufficieutia
751 3526 944 3608 dubitantes,
959 3549 1040 3614 quac
1054 3527 1295 3612 requirerentur
1308 3529 1396 3593 iuxta

157 3627 315 3692 clausulas
338 3628 484 3693 facultati
505 3629 652 3694 adiectas,
697 3630 747 3693 At
767 3653 844 3695 vero
867 3640 917 3695 tot
939 3640 1069 3717 tamque
1089 3630 1174 3696 varii
1198 3642 1277 3696 sunt
1298 3655 1394 3714 (astas,

157 3732 214 3818 qui
236 3732 277 3796 de
298 3732 358 3796 hac
378 3734 510 3797 materia
524 3734 559 3796 in
574 3733 779 3797 missionibus
796 3744 931 3821 possunt
947 3735 1140 3821 contingere,
1155 3744 1195 3800 ut
1215 3735 1394 3822 praevideri

157 3835 249 3899 facile
270 3835 357 3899 haud
378 3836 510 3921 possint,
526 3836 692 3922 multoque
709 3839 817 3902 minus
831 3839 939 3903 reduci
953 3839 996 3903 ad
1009 3837 1238 3903 determinatas
1253 3840 1391 3926 regulas3

157 3937 197 4002 dc
211 3938 325 4002 iisdem
336 3940 422 4003 enim
434 3939 589 4003 iudicium
601 3941 719 4004 variari
734 3951 838 4027 potest
852 3942 943 4007 iuxta
952 3943 1095 4029 dispares
1109 3941 1264 4025 locorum,
1275 3954 1393 4031 tempo-

156 4063 229 4105 rum
244 4064 513 4128 personarumque
527 4054 746 4109 concurrentes
760 4046 1023 4112 circumstantias.
1067 4045 1159 4111 Haec
1173 4050 1393 4129 estrat10,cur

157 4144 330 4209 dubiorum
359 4145 601 4230 particularium
630 4148 792 4231 resolutio,
813 4172 897 4235 quae
917 4149 977 4215 hac
997 4150 1038 4215 dc
1060 4173 1095 4215 rc
1115 4164 1194 4216 sunt
1222 4153 1391 4239 proposita,

156 4246 346 4335 plerumque
359 4249 489 4313 remissa
502 4259 549 4313 est
562 4250 714 4335 prudenti
728 4255 901 4338 superioris
915 4255 1077 4319 missionis
1091 4255 1237 4321 arbitrie.

203 4354 254 4415 13.
285 4352 336 4415 Ac
356 4351 462 4436 primo
476 4353 607 4437 quidem
621 4356 746 4440 saepius
760 4357 871 4442 regula
885 4358 1047 4443 postulata
1060 4366 1108 4422 est
1121 4357 1163 4423 de
1176 4381 1304 4423 pumero
1319 4359 1391 4423 fide·

157 4450 248 4534 lium,
264 4456 319 4539 qui
335 4464 415 4518 esset
429 4456 514 4536 satia,
530 4465 567 4519 ut
582 4457 678 4521 missa
695 4458 802 4522 iterari
816 4470 930 4546 posset.
977 4461 1021 4525 In
1040 4462 1168 4527 constit.
1185 4462 1390 4548 Apostolicum

190 4601 266 4655 ³Lib.
280 4606 333 4656 111.
344 4624 400 4670 cup.
413 4606 447 4658 V.
459 4625 484 4658 u.
498 4608 521 4658 4.
