3142 5242
280 479 501 527 RESPONSA
524 479 556 526 S.
579 479 701 549 sams
725 480 782 525 AI)
806 479 1058 527 Posnuunna
1083 480 1275 529 Paruum.
1342 463 1396 528 clx

203 635 362 703 Sanctitas
375 659 453 703 vem
472 635 547 719 Sua,
562 636 615 702 cui
634 636 711 703 haec
724 636 832 702 omnia
845 636 954 702 eadem
974 635 1027 701 die
1045 636 1146 702 relata
1158 645 1244 720 sunt,
1261 637 1396 702 Patrum

161 740 298 806 Concilii
320 740 463 806 Plenarii
485 740 728 806 Baltimorensis
749 740 852 806 Tertii
873 741 1017 827 precibus
1041 741 1139 826 juxta
1160 740 1193 806 S.
1215 741 1396 828 Congrege-

160 845 258 910 tionis
272 845 460 910 sententiam
475 844 612 931 benigne
625 866 767 910 annuere
779 843 912 931 dignata
925 853 981 911 ost.

204 947 319 1014 Relate
339 958 446 1014 autem
467 947 510 1014 ad
530 947 628 1013 aliam
652 946 861 1036 petitionem,¹
886 971 951 1036 qua
979 949 1166 1036 poscebatur
1194 958 1231 1013 ut
1259 947 1396 1035 simplex

160 1051 280 1118 factum
300 1053 557 1118 commorationis
578 1053 676 1118 unius
696 1054 813 1118 mensis
835 1053 870 1117 in
891 1053 1000 1139 aliquo
1021 1053 1090 1118 loeo
1111 1051 1267 1118 sufficeret
1286 1052 1329 1118 ad
1350 1051 1396 1116 ibi

160 1156 390 1243 anquirendum
409 1155 621 1240 domicilium,
636 1167 668 1222 et
689 1156 731 1221 ad
745 1156 852 1222 valide
873 1156 1114 1222 matrimonium
1135 1155 1395 1236 contrahendum,

162 1259 249 1326 Emi.
272 1258 394 1342 Patres,
415 1283 483 1325 rem
512 1260 705 1347 perpendere
732 1259 903 1346 cupientes,
924 1260 1159 1346 responsionem
1188 1258 1396 1325 differendam

161 1385 227 1430 esse
243 1373 441 1430 censuerunt.

336 1554 575 1643 Amplitudinis
589 1557 688 1641 Tuae,

469 1658 531 1728 Uti
546 1659 662 1725 Frater
675 1660 922 1744 addictissimus

472 1788 475 1801 ³
570 1764 735 1829 Josnuns
758 1764 871 1829 Canu.
895 1764 1058 1846 Sinnoru,
1075 1763 1264 1847 Praefectis.

826 1867 859 1937 ›1‹
875 1867 918 1932 D.
944 1868 1119 1932 Ancnrsr.
1144 1867 1248 1950 Tun,
1263 1867 1346 1931 Scor.

128 2019 132 2033 ,
163 1971 204 2037 R.
221 1971 260 2037 P.
276 1972 320 2037 D.
337 1973 359 2038 J
361 1990 474 2037 necno
489 1972 656 2055 Gmsoss‚

199 2091 364 2178 Areliicpo.
384 2092 611 2158 Bultimorcuai.

197 2316 206 2348 ¹
215 2319 281 2369 Cum
292 2318 322 2370 in
333 2318 452 2372 Concilio
462 2326 584 2385 ageretur
594 2318 628 2371 de
638 2318 854 2387 nupturientibus
861 2318 916 2387 qui,
925 2318 975 2371 etsi
986 2335 1034 2386 per
1044 2317 1147 2385 aliquot
1154 2324 1259 2385 tempus
1268 2316 1299 2369 in
1310 2316 1398 2369 aliena

163 2398 276 2453 dioecesi
284 2401 439 2454 commorati
448 2401 510 2466 sint,
522 2401 562 2453 ibi
578 2409 668 2454 tamen
679 2401 761 2468 juxta
777 2402 849 2469 leges
864 2401 943 2454 modo
958 2402 1079 2469 vigentes
1094 2418 1130 2453 ne
1144 2399 1397 2469 quasidomicilinm

162 2483 271 2550 quidem
286 2484 471 2551 adquisierunt,
488 2485 583 2537 Patres
599 2485 650 2536 hac
664 2483 699 2536 de
714 2501 745 2536 re
760 2484 895 2537 decretum
917 2485 1043 2550 tulerunt,
1061 2484 1216 2550 Apostolicn
1232 2482 1398 2535 Auctoritate

164 2565 329 2633 firmandum,
342 2567 416 2634 cujus
426 2575 501 2619 tenor
512 2567 673 2636 insequenti
684 2567 815 2635 petitione
824 2567 859 2620 ad
870 2568 896 2620 S.
908 2567 1004 2620 Sedem
1015 2567 1172 2635 exponitur:

109 2710 117 2722 ’
164 2698 340 2752 Basrroerns
357 2699 469 2753 Pinna:

198 2799 232 2851 In
256 2799 492 2852 deliberationibus
513 2818 579 2869 quas
598 2800 634 2853 de
654 2801 852 2870 quaestionibus
873 2799 1114 2853 matrimonialibus
1136 2799 1286 2852 habuerunt
1308 2799 1417 2850 Patres

164 2881 279 2934 Concilii
298 2882 419 2936 Plenarii
440 2883 643 2936 Baltimorensis
663 2884 758 2951 Tertii,
775 2883 973 2937 Beatitudinem
990 2883 1076 2935 Tuam
1092 2890 1249 2934 censuerunt
1265 2881 1400 2946 orandam,

164 2973 194 3017 ut
216 2965 371 3032 Apostolica
396 2965 565 3018 Auctoritate
586 2983 637 3034 pro
658 2966 812 3019 Foederatis
832 2967 973 3018 American
1000 2964 1222 3033 Septentrionalis
1250 2964 1401 3016 Provinciis

163 3046 290 3116 dignetur
305 3047 454 3114 decernere,
471 3065 516 3101 eoa
531 3048 581 3117 qui
596 3065 612 3102 e
627 3066 676 3101 sua
691 3048 805 3103 dioecesi
822 3049 856 3101 ad
872 3050 955 3101 aliam
977 3055 1121 3114 transeunt,
1139 3047 1217 3100 modo
1233 3047 1263 3099 in
1280 3048 1331 3098 hac
1353 3063 1401 3114 per

163 3131 280 3199 spatium
295 3131 375 3183 unius
389 3132 485 3184 saltem
501 3132 600 3185 mensis
615 3133 770 3185 commorati
786 3132 848 3199 sint,
866 3149 898 3184 eo
914 3132 982 3199 ipso,
1000 3132 1076 3183 nulla
1091 3132 1162 3183 iacta
1178 3130 1351 3198 inquisitione
1366 3129 1401 3182 de

164 3213 254 3266 animo
264 3214 391 3267 manendi
400 3232 449 3283 per
458 3215 586 3282 majorem
602 3215 668 3269 anni
683 3225 795 3284 partem,
807 3214 949 3268 censendos
966 3231 1021 3267 esse
1038 3213 1189 3282 acquisiisse
1205 3212 1402 3282 quusidomici-

165 3297 231 3348 lium
247 3296 322 3364 quod
336 3296 449 3350 sufficiat
464 3298 499 3350 ad
515 3298 716 3351 matrimonium
731 3297 950 3364 contrahendum,
962 3314 1057 3365 eosque
1073 3296 1190 3348 subditos
1206 3295 1401 3348 constituendos

166 3379 290 3448 Episcopi
306 3379 424 3447 ejusdem
439 3379 567 3433 dioecesis
583 3380 613 3433 in
629 3380 723 3433 ordine
739 3381 774 3432 ad
789 3381 1000 3448 dispensationes
1016 3380 1050 3432 ab
1065 3379 1272 3447 impedimentis,
1289 3377 1313 3430 si
1332 3395 1401 3446 quae

165 3461 275 3529 obstent,
288 3463 452 3517 obtinendas.

198 3545 327 3599 Rationes
342 3546 421 3614 hujm
436 3547 575 3615 petitionis
585 3556 660 3601 sunt:
679 3549 703 3601 1.
720 3548 822 3601 Gravia
838 3547 1004 3600 incommoda
1015 3555 1043 3600 et
1056 3546 1204 3599 anxietates
1219 3563 1250 3597 ac
1264 3544 1401 3598 molestiae

165 3645 233 3698 quae
241 3629 395 3696 frequenter
401 3630 582 3683 sacerdotibus
591 3631 754 3698 oriuntur,si
764 3631 905 3684 canonicae
912 3630 1131 3698 praescriptiones
1138 3629 1172 3681 de
1180 3627 1401 3697 quasidomicilio

164 3712 219 3764 sint
227 3711 381 3765 servandae.
414 3715 438 3766 2.
455 3713 608 3766 Periculum
619 3732 654 3767 ne
664 3732 737 3767 secus
744 3715 938 3782 nupturientes,
946 3713 1070 3766 scandalo
1081 3712 1208 3778 fidelium,
1218 3711 1402 3777 magistratum

165 3794 274 3847 civilem
284 3803 332 3847 ant
342 3812 497 3863 praeconem
506 3803 592 3849 metae
602 3797 765 3850 acatholicae
775 3797 872 3849 adeant
882 3796 917 3848 ad
928 3794 1127 3848 matrimonium
1139 3793 1357 3847 contrahendum.

565 3879 744 3932 Beatitndinis
754 3881 836 3946 Tuae,

700 3963 786 4015 Filius
795 3963 1030 4030 obedientissimus,

855 4046 984 4100 Jacosus
1000 4047 1135 4111 Grnsoss,

966 4129 1082 4196 Arcticp.
1094 4128 1171 4194 sm,
1185 4127 1270 4195 Dctcy.
1281 4128 1368 4195 Apoat.
