3142 5242
164 445 228 508 174
293 460 478 507 mutus
504 459 660 507 x.-1›n
685 459 876 506 sumens
905 458 1273 506 Bccumasrlcm.

163 617 339 692 auditore
355 616 419 691 vel
446 622 695 715 procuratore
718 614 839 690 fiscali
863 614 938 690 sibi
963 617 1086 709 datas,
1104 621 1213 690 actus
1239 613 1401 705 conficit

163 758 304 830 eosque
322 733 512 830 obsignat,
531 731 564 806 si
584 733 633 806 ad
651 756 786 807 eorum
805 730 1048 807 validitatem
1065 730 1292 830 requiritur.

438 935 508 1028 §2
554 933 601 1006 Ia
631 934 753 1006 Ocnus
779 933 1124 1008 Matrimonialibua.

213 1101 298 1175 304.
335 1101 382 1173 In
411 1099 571 1197 agendis
594 1099 699 1173 hisce
721 1097 847 1171 causis
871 1123 942 1197 pro
967 1099 1024 1172 rei
1050 1097 1245 1196 gravitate
1271 1103 1397 1172 exacte

163 1224 338 1291 servetur
355 1223 439 1290 tum
459 1214 692 1289 Constitutio
712 1212 912 1289 Benedicti
931 1212 1043 1288 XIV.
1063 1213 1396 1302 ballenarum,

163 1334 188 1407 3
211 1331 249 1407 N
251 1357 310 1407 ov.
332 1332 454 1423 1741,1
475 1342 560 1406 tum
589 1329 799 1405 Instructio
826 1355 849 1404 a
874 1329 912 1404 S.
932 1329 1071 1428 Congr.
1090 1331 1139 1404 de
1166 1327 1286 1428 Prop.
1305 1329 1396 1405 Fide

165 1448 203 1523 N
205 1448 288 1523 obis
317 1446 602 1523 communicata
628 1472 726 1546 quae
754 1445 892 1545 incipit
923 1448 1057 1522 Causae
1083 1445 1396 1523 Motrr‘mom'olca²

164 1565 325 1639 Utiliter
363 1565 481 1639 etiam
520 1563 670 1639 consuli
709 1562 853 1663 poterit
892 1563 1100 1638 Instructio
1135 1589 1207 1662 pro
1240 1561 1394 1662 judiciis

162 1681 427 1756 ecclesiasticis
459 1680 621 1779 Imperii
646 1679 843 1755 Austriaci
874 1679 915 1755 in
946 1680 1071 1755 causis
1102 1679 1392 1775 matrimoniali·

161 1799 415 1891 bus,a.1855
439 1825 462 1872 a
485 1797 670 1896 gravibus
694 1796 884 1896 theologis
907 1804 947 1871 et
969 1796 1178 1871 canonistis
1198 1795 1392 1886 Romanis,

162 1913 252 1990 licet
269 1915 351 1988 solo
369 1914 523 2013 privato
541 1939 610 1988 suo
624 1913 783 2011 judicio,
801 1914 1094 1989 commendata.⁸

213 2032 296 2108 305.
337 2030 558 2105 Tribunalis
585 2029 890 2104 Matrimonialis
916 2029 1076 2129 quinam
1102 2029 1183 2105 sint
1209 2030 1392 2106 Officiales

162 2157 201 2224 et
218 2173 408 2246 quaenam
427 2172 562 2221 eorum
581 2172 744 2221 munera
761 2145 932 2221 breviter
948 2144 1218 2223 indicabimus.

213 2265 246 2339 Ι.
290 2263 427 2353 Quoad
451 2261 751 2361 competentiam
779 2261 924 2360 judicis
950 2270 1127 2338 servetur
1154 2263 1272 2340 Instr.
1294 2264 1333 2340 S.
1356 2263 1392 2340 C.

162 2406 282 2479 supra
298 2378 373 2471 cit,
393 2381 411 2474 ξ
430 2382 464 2453 2.
518 2377 733 2477 Episcopus
760 2377 792 2452 si
820 2377 918 2453 nolit
940 2377 1107 2476 ipsemet
1128 2404 1229 2479 quae
1252 2378 1294 2456 in
1317 2387 1392 2456 toto

162 2521 344 2596 processu
358 2496 508 2593 agenda
522 2501 612 2569 sunt
630 2492 835 2587 moderari,
849 2496 901 2569 ad
917 2494 990 2569 hoc
1004 2519 1146 2569 munus
1164 2496 1392 2593 (Auditoris,

163 2610 438 2708 Moderatoris)
469 2610 664 2708 delegabit
698 2636 812 2685 suum
838 2610 1028 2685 vicarium
1062 2611 1297 2709 generalem,
1332 2620 1394 2689 ant

163 2728 283 2802 alium
318 2728 484 2826 probum
520 2734 558 2801 et
592 2735 793 2824 expertum
829 2726 959 2801 virum
993 2751 1014 2802 e
1048 2728 1160 2801 clero.
1213 2729 1392 2804 Auditori

164 2844 391 2942 Episcopus
427 2843 459 2917 si
496 2844 601 2935 velit,
638 2843 816 2941 delegare
851 2850 979 2942 potest
1014 2844 1131 2917 etiam
1173 2845 1392 2921 facultatem

163 2960 437 3059 promulgandi
465 2959 708 3050 sententiam,
728 2961 939 3033 dummodo
957 2959 1067 3058 prius
1093 2960 1142 3034 ab
1164 2959 1264 3058 ipso,
1282 2961 1392 3036 ratio·

163 3078 276 3151 nibus
295 3077 394 3150 serio
413 3075 625 3174 perpensis,
644 3076 858 3174 approbata
875 3074 1002 3149 fuerit.
1051 3075 1184 3171 (Instr.
1204 3077 1242 3152 S.
1262 3076 1304 3152 O.
1321 3077 1392 3169 cit,

164 3196 203 3288 ll
222 3196 256 3284 6,
275 3195 353 3287 24.)

214 3310 269 3384 ΙΙ.
305 3309 510 3384 Auditoris
536 3334 604 3384 seu
630 3309 884 3384 moderatoris
902 3317 961 3384 est
978 3310 1150 3385 tribunal
1174 3334 1391 3399 convocare,

162 3434 292 3526 partes
328 3434 367 3500 et
403 3434 520 3500 testes
554 3426 683 3519 citare,
716 3425 895 3500 ordinare
930 3425 1261 3525 investigationes,
1292 3426 1392 3500 viros

162 3543 307 3643 peritos
334 3545 383 3617 ad
409 3568 474 3617 cas
500 3542 758 3617 instituendas
786 3544 983 3640 deputare,
1006 3544 1119 3617 edere
1145 3543 1302 3617 decreta
1326 3567 1391 3641 pro

161 3668 265 3733 rocta
289 3667 463 3733 actorum
484 3658 777 3756 compilatione3
806 3684 882 3733 uno
901 3659 1030 3750 verb0,
1049 3658 1181 3732 omnia
1198 3667 1392 3756 praestare

161 3783 242 3850 tam
275 3775 315 3849 in
344 3774 611 3872 disquisitione
637 3775 807 3873 praevia,
835 3800 951 3873 quam
978 3775 1019 3849 in
1046 3799 1228 3873 processu
1258 3775 1390 3873 proba·

161 3890 272 3982 torio,
291 3917 389 3988 quae
409 3889 553 3988 judicis
578 3891 738 3989 propria
764 3899 865 3965 sunt.

212 4008 289 4082 ΙΙΙ.
327 4006 517 4080 Defensor
542 4006 782 4081 matrimonii
813 4007 864 4081 sit
892 4008 953 4080 rir
983 4007 1272 4100 ecclesiasticus,
1294 4006 1392 4107 juris

161 4122 321 4197 selentia
364 4123 510 4221 pariter
552 4149 596 4197 ac
638 4122 740 4198 vitae
784 4124 977 4222 probitate
1019 4124 1231 4223 praeditus.
1299 4123 1392 4199 “Ad

161 4238 327 4314 officium
371 4248 501 4313 autem
544 4239 756 4314 defensoris
791 4238 1129 4315 matrimoniorum
1171 4226 1392 4338 hujusmodi

160 4357 180 4400 '¹‘
206 4358 226 4399 ’i
252 4357 271 4399 *¹
298 4354 488 4453 spectabit
512 4355 553 4428 in
583 4354 776 4452 judicium
800 4354 934 4430 venire
960 4356 1277 4454 quotiescumque
1308 4380 1391 4430 con·

196 4521 284 4588 ¹.·lpnd
297 4521 397 4589 eridi,
409 4522 427 4575 l.
439 4540 468 4587 c.,
480 4539 507 4590 p.
519 4524 576 4575 588.
963 4521 1053 4574 ’Vide
1064 4524 1094 4575 in
1105 4525 1257 4591 appendice,
1270 4540 1297 4591 p.
1307 4529 1363 4579 262.

194 4602 247 4655 'ln
261 4605 353 4657 Coltrct.
365 4605 471 4657 Lacerat
484 4606 532 4658 CC.
544 4605 611 4671 Ita,
624 4613 643 4658 t.
657 4606 698 4672 V,
710 4608 759 4658 col.
773 4608 846 4672 1286,
859 4625 914 4674 sqq.
