3142 5242
237 426 280 488 84
366 439 548 486 TITULUS
572 438 726 487 v.-Dn
753 439 1033 487 cLEmconmt
1063 440 1361 491 tennemonn.

236 576 474 672 Assuescant
490 594 609 672 etiam
627 620 706 670 non
724 594 804 671 suis
821 596 1035 672 commodis
1052 604 1120 671 aut
1136 595 1292 695 ingenio
1310 598 1475 675 mollius

235 710 449 811 indulgere,
467 737 516 788 ne
533 718 668 811 postea
690 712 731 787 iu
756 711 978 788 luctaminis
1002 719 1112 789 aestu
1128 712 1234 788 virili
1252 715 1476 791 constantia

235 832 276 903 et
290 828 547 928 abnegatione
563 829 792 905 sacerdotali
810 828 1001 905 deficiant.

287 947 370 1020 164.
415 945 664 1044 Quantopere
697 945 739 1020 in
773 945 857 1021 dies
891 946 1041 1021 alumni
1084 948 1268 1046 proficere
1303 949 1475 1025 debeant

233 1058 389 1160 pietate,
424 1087 472 1136 ex
504 1060 802 1137 consultissimis
836 1062 1100 1138 sanctionibus
1132 1063 1309 1140 clarescit
1344 1090 1471 1141 sacro·

233 1185 388 1254 sanctae
418 1177 668 1253 Tridentinae
691 1178 829 1278 synodi
861 1178 1144 1278 praecipientis,
1167 1205 1245 1254 non
1270 1181 1402 1256 solum
1429 1187 1474 1258 ut

233 1294 285 1369 ad
307 1295 620 1394 presbyteratum
643 1319 722 1370 non
746 1294 1005 1371 admittantur
1025 1294 1101 1370 nisi
1118 1294 1193 1371 viri
1212 1297 1301 1372 “ita
1325 1296 1472 1397 pietate

234 1434 279 1485 ac
311 1410 427 1486 castis
461 1410 637 1486 moribus
669 1410 879 1510 conspicui,
914 1418 959 1487 ut
999 1412 1243 1511 praeclarum
1276 1413 1471 1490 bonorum

232 1550 394 1625 operum
413 1527 647 1626 exemplum,
661 1533 702 1603 et
719 1528 822 1603 vitae
839 1528 989 1603 monita
1006 1529 1056 1603 ab
1073 1528 1129 1603 eis
1144 1529 1299 1629 possint
1314 1555 1469 1631 exspec-

231 1641 364 1734 tari;”
399 1645 469 1719 sed
497 1642 617 1720 etiam
648 1650 693 1719 ut
722 1644 773 1720 ad
802 1643 1124 1723 subdiaconatum
1154 1652 1196 1721 et
1219 1646 1470 1724 diaconatum

135 1770 138 1776 ’
232 1758 454 1858 deligantur
483 1759 571 1854 viri,
603 1766 802 1860 “quorum
836 1761 1001 1859 probata
1033 1761 1117 1836 vita
1149 1770 1326 1839 senectus
1361 1764 1469 1857 sit;”

231 1874 353 1951 immo
379 1875 611 1953 admittendi
637 1877 689 1951 ad
713 1876 884 1952 minores
908 1879 1065 1954 ordines
1089 1877 1178 1954 “ita
1202 1881 1250 1954 de
1274 1882 1403 1978 gradu
1427 1880 1469 1957 in

231 1995 398 2091 gradum
424 1995 645 2085 ascendant,
672 1993 782 2069 utin
808 1993 857 2069 iis
883 2018 972 2068 oum
996 2001 1123 2070 aetate
1147 1995 1251 2071 vitae
1282 1997 1470 2073 meritum

231 2116 271 2185 et
304 2110 481 2185 doctrina
513 2109 639 2207 major
674 2110 900 2184 accrescat.”
975 2111 1088 2208 (Sess.
1124 2132 1262 2204 mn,
1297 2114 1347 2188 de
1382 2112 1468 2190 Rea

230 2229 534 2325 cc.14,12,11.)
799 2313 802 2317 ,

282 2345 366 2419 165.
393 2343 531 2432 Quoad
555 2343 782 2420 candidatos
806 2343 1007 2420 ordinibus
1034 2344 1244 2420 initiandos
1270 2346 1468 2447 Episcopi,

230 2466 275 2536 ut
297 2466 337 2536 et
358 2459 656 2536 seminariorum
680 2461 945 2535 moderatores
960 2467 1007 2535 'et
1029 2460 1207 2560 magistri
1233 2487 1328 2562 prae
1346 2463 1470 2539 oculis

229 2575 400 2652 habeant
431 2601 550 2675 grave
583 2575 777 2651 monitum
812 2577 849 2652 S.
881 2576 1020 2676 Congr.
1057 2578 1106 2654 de
1138 2576 1256 2677 Prop.
1292 2578 1391 2656 Fide
1425 2578 1469 2657 in

228 2691 484 2768 instructione
510 2694 560 2768 de
585 2693 715 2767 Titulo
744 2692 1012 2768 Ordinationis
1041 2694 1148 2769 edita
1173 2696 1211 2770 d.
1235 2696 1285 2773 27
1312 2695 1470 2794 Aprilis
1491 2790 1496 2798 1

231 2809 340 2885 1871.
393 2808 467 2883 “Si
488 2808 603 2907 juxta
627 2810 666 2885 S.
691 2808 806 2885 Pauli
833 2809 1026 2885 monitum
1051 2834 1191 2885 manus
1215 2810 1365 2887 nemini
1390 2811 1469 2889 cito

227 2925 498 3024 imponendae,
522 2925 565 3000 id
590 2925 839 3024 potissimum
863 2926 969 3002 valet
992 2951 1081 3002 oum
1107 2951 1233 3002 sermo
1257 2935 1317 3003 est
1343 2930 1392 3005 de
1418 2929 1470 3006 iis

228 3043 295 3142 qui
329 3041 370 3116 in
402 3044 569 3117 arduum
599 3041 800 3140 apostolici
831 3042 1038 3116 ministerii
1072 3068 1170 3141 opus
1199 3053 1468 3123 assumuntur.

228 3158 358 3247 Quare
382 3159 445 3233 hio
469 3159 609 3233 titulus
637 3157 865 3257 (missionis)
893 3158 1136 3233 adhibendus
1161 3159 1236 3235 erit
1259 3158 1302 3234 in
1328 3187 1469 3239 eorum

228 3277 436 3351 dumtaxat
457 3276 643 3367 favorem,
661 3273 729 3373 qui
753 3273 875 3348 animi
899 3273 1030 3349 indole
1053 3281 1092 3348 et
1112 3276 1319 3368 docilitate,
1338 3276 1468 3354 inten-

226 3391 346 3467 tionis
371 3390 614 3483 rectitudine,
640 3390 860 3488 aptitudine
885 3388 1044 3489 ingenii,
1071 3392 1245 3489 profectu
1270 3390 1313 3467 in
1344 3395 1468 3472 saeris

227 3509 379 3600 studiis,
403 3533 558 3582 morum
583 3506 809 3605 integritate
834 3530 879 3581 ao
902 3531 1035 3581 rerum
1060 3509 1349 3585 mundanarum
1376 3536 1467 3588 eon·

226 3633 381 3725 temptu
396 3648 507 3723 spem
524 3623 669 3697 faciant
688 3647 772 3697 sese
792 3629 970 3698 strenuos
987 3622 1138 3700 futuros
1155 3625 1236 3700 fore
1253 3624 1468 3727 Evangelii

226 3766 456 3842 praecones3
492 3764 716 3839 superque
747 3739 991 3836 superiorum
1025 3739 1258 3815 conscientia
1288 3742 1468 3823 districte

226 3857 444 3934 oneratur.'’
493 3857 585 3956 (Cir.
604 3855 717 3930 Cone.
742 3854 853 3931 Plen.
877 3853 980 3930 Balt.
1007 3855 1074 3946 11,
1100 3855 1175 3931 No.
1200 3857 1302 3957 179.)
1352 3859 1466 3937 Post

226 4000 346 4067 remo,
372 3999 493 4073 quum
526 3974 673 4049 frustra
706 3978 928 4069 speraretur
953 3972 1036 4048 iore
1064 3979 1109 4049 ut
1137 3973 1204 4072 qui
1235 3972 1276 4048 in
1309 3986 1465 4075 aposto·

226 4090 345 4166 licum
380 4089 641 4164 ministerium
672 4095 936 4181 assumuntur,
963 4097 1118 4164 sanctae
1148 4114 1240 4164 suae
1266 4094 1466 4170 vocationi

224 4208 487 4306 respondeant
511 4205 587 4280 nisi
613 4205 794 4304 spiritum
820 4203 1130 4299 ecclesiasticum,
1157 4205 1225 4306 qui
1251 4215 1312 4283 est
1341 4211 1463 4286 abun·

225 4326 324 4400 dans
351 4325 541 4422 quaedam
568 4347 638 4397 seu
662 4321 817 4418 copiosa
841 4320 1087 4419 participatio
1114 4323 1275 4421 spiritus
1302 4325 1463 4423 Christi,

224 4439 267 4515 in
289 4466 330 4516 se
350 4440 531 4531 habeant,
549 4441 597 4513 de
615 4462 659 4512 eo
677 4436 825 4528 vivant,
843 4436 893 4510 ab
913 4461 957 4511 eo
979 4446 1209 4513 moveantur
1225 4446 1265 4516 et
1281 4465 1354 4538 per
1371 4469 1461 4518 eum

225 4564 443 4654 operentur,
479 4555 612 4630 sedulo
656 4578 699 4627 ac
739 4554 933 4626 ferventer
970 4553 1118 4628 colatur
1154 4552 1196 4628 in
1238 4557 1461 4634 seminariis
