<?xml version="1.0" encoding="UTF-8"?>
<!DOCTYPE html PUBLIC "-//W3C//DTD XHTML 1.0 Transitional//EN"
    "http://www.w3.org/TR/xhtml1/DTD/xhtml1-transitional.dtd">
<html xmlns="http://www.w3.org/1999/xhtml" xml:lang="en" lang="en">
 <head>
  <title>
</title>
<meta http-equiv="Content-Type" content="text/html;charset=utf-8" />
  <meta name='ocr-system' content='tesseract 3.04.00' />
  <meta name='ocr-capabilities' content='ocr_page ocr_carea ocr_par ocr_line ocrx_word'/>
</head>
<body>
  <div class='ocr_page' id='page_1' title='image "./actaetdecretaco00gibbgoog_0300.png"; bbox 0 0 3142 5242; ppageno 0'>
   <div class='ocr_carea' id='block_1_1' title="bbox 427 468 1408 529">
    <p class='ocr_par' dir='ltr' id='par_1_1' title="bbox 427 468 1408 529">
     <span class='ocr_line' id='line_1_1' title="bbox 427 468 1408 529; baseline 0.005 -5"><span class='ocrx_word' id='word_1_1' title='bbox 427 479 482 525; x_wconf 83' lang='lat' dir='ltr'>nn</span> <span class='ocrx_word' id='word_1_2' title='bbox 511 481 769 529; x_wconf 74' lang='lat' dir='ltr'>sneunnuna</span> <span class='ocrx_word' id='word_1_3' title='bbox 800 481 1155 529; x_wconf 73' lang='lat' dir='ltr'>nocnns1asr1cA.</span> <span class='ocrx_word' id='word_1_4' title='bbox 1346 468 1408 529; x_wconf 85' lang='lat'>183</span> 
     </span>
    </p>
   </div>
   <div class='ocr_carea' id='block_1_2' title="bbox 164 631 1406 2693">
    <p class='ocr_par' dir='ltr' id='par_1_2' title="bbox 166 631 1406 2019">
     <span class='ocr_line' id='line_1_2' title="bbox 173 631 1406 732; baseline 0.004 -25"><span class='ocrx_word' id='word_1_5' title='bbox 173 631 300 709; x_wconf 85' lang='lat' dir='ltr'>alieno</span> <span class='ocrx_word' id='word_1_6' title='bbox 324 636 552 711; x_wconf 90' lang='lat' dir='ltr'>coemeterio</span> <span class='ocrx_word' id='word_1_7' title='bbox 574 637 740 731; x_wconf 83' lang='lat' dir='ltr'>habent3</span> <span class='ocrx_word' id='word_1_8' title='bbox 767 637 832 713; x_wconf 87' lang='lat' dir='ltr'>vel</span> <span class='ocrx_word' id='word_1_9' title='bbox 854 637 973 713; x_wconf 88' lang='lat' dir='ltr'>etiam</span> <span class='ocrx_word' id='word_1_10' title='bbox 999 639 1049 713; x_wconf 90' lang='lat' dir='ltr'>de</span> <span class='ocrx_word' id='word_1_11' title='bbox 1074 637 1161 712; x_wconf 89' lang='lat' dir='ltr'>istis</span> <span class='ocrx_word' id='word_1_12' title='bbox 1186 635 1406 732; x_wconf 79' lang='lat' dir='ltr'>Catholicis,</span> 
     </span>
     <span class='ocr_line' id='line_1_3' title="bbox 172 751 1406 854; baseline 0.003 -28"><span class='ocrx_word' id='word_1_13' title='bbox 172 751 239 851; x_wconf 91' lang='lat' dir='ltr'>qui</span> <span class='ocrx_word' id='word_1_14' title='bbox 264 752 413 852; x_wconf 90' lang='lat' dir='ltr'>pariter</span> <span class='ocrx_word' id='word_1_15' title='bbox 436 760 528 830; x_wconf 86' lang='lat' dir='ltr'>ante</span> <span class='ocrx_word' id='word_1_16' title='bbox 552 752 679 854; x_wconf 83' lang='lat' dir='ltr'>legem</span> <span class='ocrx_word' id='word_1_17' title='bbox 703 753 826 830; x_wconf 92' lang='lat' dir='ltr'>latam</span> <span class='ocrx_word' id='word_1_18' title='bbox 852 754 1056 854; x_wconf 89' lang='lat' dir='ltr'>proprium</span> <span class='ocrx_word' id='word_1_19' title='bbox 1079 754 1246 830; x_wconf 88' lang='lat' dir='ltr'>fundum</span> <span class='ocrx_word' id='word_1_20' title='bbox 1263 753 1406 830; x_wconf 88' lang='lat' dir='ltr'>habue-</span> 
     </span>
     <span class='ocr_line' id='line_1_4' title="bbox 171 868 1405 971; baseline 0.003 -29"><span class='ocrx_word' id='word_1_21' title='bbox 171 876 275 963; x_wconf 87' lang='lat' dir='ltr'>runt,</span> <span class='ocrx_word' id='word_1_22' title='bbox 292 868 356 944; x_wconf 87' lang='lat' dir='ltr'>vel</span> <span class='ocrx_word' id='word_1_23' title='bbox 380 876 484 945; x_wconf 87' lang='lat' dir='ltr'>certe</span> <span class='ocrx_word' id='word_1_24' title='bbox 508 870 592 947; x_wconf 88' lang='lat' dir='ltr'>sine</span> <span class='ocrx_word' id='word_1_25' title='bbox 614 871 697 946; x_wconf 88' lang='lat' dir='ltr'>ulla</span> <span class='ocrx_word' id='word_1_26' title='bbox 712 872 851 947; x_wconf 89' lang='lat' dir='ltr'>fraude</span> <span class='ocrx_word' id='word_1_27' title='bbox 866 877 956 969; x_wconf 88' lang='lat' dir='ltr'>post</span> <span class='ocrx_word' id='word_1_28' title='bbox 980 870 1107 970; x_wconf 83' lang='lat' dir='ltr'>legem</span> <span class='ocrx_word' id='word_1_29' title='bbox 1131 869 1405 971; x_wconf 89' lang='lat' dir='ltr'>acquisierunt,</span> 
     </span>
     <span class='ocr_line' id='line_1_5' title="bbox 171 986 1406 1079; baseline 0.001 -18"><span class='ocrx_word' id='word_1_30' title='bbox 171 986 423 1079; x_wconf 81' lang='lat' dir='ltr'>declaramus,</span> <span class='ocrx_word' id='word_1_31' title='bbox 458 986 499 1062; x_wconf 92' lang='lat' dir='ltr'>in</span> <span class='ocrx_word' id='word_1_32' title='bbox 534 986 622 1063; x_wconf 90' lang='lat' dir='ltr'>istis</span> <span class='ocrx_word' id='word_1_33' title='bbox 654 987 807 1063; x_wconf 84' lang='lat' dir='ltr'>casibus</span> <span class='ocrx_word' id='word_1_34' title='bbox 840 986 957 1063; x_wconf 90' lang='lat' dir='ltr'>licere</span> <span class='ocrx_word' id='word_1_35' title='bbox 989 987 1088 1063; x_wconf 89' lang='lat' dir='ltr'>ritus</span> <span class='ocrx_word' id='word_1_36' title='bbox 1130 987 1406 1063; x_wconf 89' lang='lat' dir='ltr'>ecclesiasticos</span> 
     </span>
     <span class='ocr_line' id='line_1_6' title="bbox 171 1101 1406 1204; baseline 0.002 -29"><span class='ocrx_word' id='word_1_37' title='bbox 171 1101 358 1196; x_wconf 84' lang='lat' dir='ltr'><strong>adhiberi,</strong></span> <span class='ocrx_word' id='word_1_38' title='bbox 375 1102 459 1178; x_wconf 87' lang='lat' dir='ltr'>sive</span> <span class='ocrx_word' id='word_1_39' title='bbox 484 1102 591 1180; x_wconf 92' lang='lat' dir='ltr'>domi</span> <span class='ocrx_word' id='word_1_40' title='bbox 616 1103 758 1180; x_wconf 91' lang='lat' dir='ltr'>sivein</span> <span class='ocrx_word' id='word_1_41' title='bbox 775 1103 947 1197; x_wconf 89' lang='lat' dir='ltr'>ecclesia,</span> <span class='ocrx_word' id='word_1_42' title='bbox 964 1104 1280 1204; x_wconf 82' lang='lat' dir='ltr'>quotiescumque</span> <span class='ocrx_word' id='word_1_43' title='bbox 1296 1103 1340 1180; x_wconf 89' lang='lat' dir='ltr'>id</span> <span class='ocrx_word' id='word_1_44' title='bbox 1355 1104 1406 1178; x_wconf 92' lang='lat' dir='ltr'>ab</span> 
     </span>
     <span class='ocr_line' id='line_1_7' title="bbox 171 1218 1406 1320; baseline 0.002 -28"><span class='ocrx_word' id='word_1_45' title='bbox 171 1218 375 1319; x_wconf 83' lang='lat' dir='ltr'>Episcopo,</span> <span class='ocrx_word' id='word_1_46' title='bbox 393 1221 443 1295; x_wconf 90' lang='lat' dir='ltr'>ob</span> <span class='ocrx_word' id='word_1_47' title='bbox 468 1246 608 1320; x_wconf 86' lang='lat' dir='ltr'>graves</span> <span class='ocrx_word' id='word_1_48' title='bbox 632 1220 815 1314; x_wconf 87' lang='lat' dir='ltr'>rationes,</span> <span class='ocrx_word' id='word_1_49' title='bbox 831 1219 1084 1296; x_wconf 84' lang='lat' dir='ltr'>interdictum</span> <span class='ocrx_word' id='word_1_50' title='bbox 1105 1245 1183 1295; x_wconf 91' lang='lat' dir='ltr'>non</span> <span class='ocrx_word' id='word_1_51' title='bbox 1200 1219 1339 1313; x_wconf 85' lang='lat' dir='ltr'>fuerit3</span> <span class='ocrx_word' id='word_1_52' title='bbox 1365 1226 1406 1295; x_wconf 90' lang='lat' dir='ltr'>et</span> 
     </span>
     <span class='ocr_line' id='line_1_8' title="bbox 170 1335 1403 1437; baseline 0.004 -28"><span class='ocrx_word' id='word_1_53' title='bbox 170 1335 411 1412; x_wconf 84' lang='lat' dir='ltr'>declaramus</span> <span class='ocrx_word' id='word_1_54' title='bbox 444 1335 617 1437; x_wconf 90' lang='lat' dir='ltr'>insuper,</span> <span class='ocrx_word' id='word_1_55' title='bbox 641 1336 918 1413; x_wconf 84' lang='lat' dir='ltr'>correctionem</span> <span class='ocrx_word' id='word_1_56' title='bbox 952 1337 990 1412; x_wconf 75' lang='lat' dir='ltr'>S.</span> <span class='ocrx_word' id='word_1_57' title='bbox 1025 1335 1166 1437; x_wconf 84' lang='lat' dir='ltr'>Oongr.</span> <span class='ocrx_word' id='word_1_58' title='bbox 1201 1337 1252 1413; x_wconf 92' lang='lat' dir='ltr'>de</span> <span class='ocrx_word' id='word_1_59' title='bbox 1285 1336 1403 1436; x_wconf 88' lang='lat' dir='ltr'>Prop.</span> 
     </span>
     <span class='ocr_line' id='line_1_9' title="bbox 170 1450 1403 1553; baseline 0.003 -28"><span class='ocrx_word' id='word_1_60' title='bbox 170 1450 267 1528; x_wconf 85' lang='lat' dir='ltr'>Fide</span> <span class='ocrx_word' id='word_1_61' title='bbox 308 1454 358 1528; x_wconf 90' lang='lat' dir='ltr'>de</span> <span class='ocrx_word' id='word_1_62' title='bbox 400 1453 527 1530; x_wconf 91' lang='lat' dir='ltr'>loculo</span> <span class='ocrx_word' id='word_1_63' title='bbox 578 1454 852 1548; x_wconf 90' lang='lat' dir='ltr'>benedicendo,</span> <span class='ocrx_word' id='word_1_64' title='bbox 894 1459 935 1529; x_wconf 88' lang='lat' dir='ltr'>et</span> <span class='ocrx_word' id='word_1_65' title='bbox 976 1454 1199 1553; x_wconf 86' lang='lat' dir='ltr'>supradicto</span> <span class='ocrx_word' id='word_1_66' title='bbox 1249 1454 1403 1530; x_wconf 84' lang='lat' dir='ltr'>decreto</span> 
     </span>
     <span class='ocr_line' id='line_1_10' title="bbox 169 1569 1401 1667; baseline 0.001 -24"><span class='ocrx_word' id='word_1_67' title='bbox 169 1569 403 1667; x_wconf 85' lang='lat' dir='ltr'>adjunctam,</span> <span class='ocrx_word' id='word_1_68' title='bbox 430 1570 472 1646; x_wconf 91' lang='lat' dir='ltr'>in</span> <span class='ocrx_word' id='word_1_69' title='bbox 505 1570 593 1646; x_wconf 85' lang='lat' dir='ltr'>istis</span> <span class='ocrx_word' id='word_1_70' title='bbox 625 1569 745 1646; x_wconf 90' lang='lat' dir='ltr'>etiam</span> <span class='ocrx_word' id='word_1_71' title='bbox 786 1569 939 1646; x_wconf 85' lang='lat' dir='ltr'>casibus</span> <span class='ocrx_word' id='word_1_72' title='bbox 980 1596 1065 1647; x_wconf 88' lang='lat' dir='ltr'>esse</span> <span class='ocrx_word' id='word_1_73' title='bbox 1106 1570 1401 1647; x_wconf 86' lang='lat' dir='ltr'>observandam.</span> 
     </span>
     <span class='ocr_line' id='line_1_11' title="bbox 168 1683 1404 1788; baseline 0.003 -29"><span class='ocrx_word' id='word_1_74' title='bbox 168 1683 245 1760; x_wconf 92' lang='lat' dir='ltr'>His</span> <span class='ocrx_word' id='word_1_75' title='bbox 269 1687 422 1763; x_wconf 87' lang='lat' dir='ltr'>casibus</span> <span class='ocrx_word' id='word_1_76' title='bbox 447 1687 627 1788; x_wconf 83' lang='lat' dir='ltr'>exceptis,</span> <span class='ocrx_word' id='word_1_77' title='bbox 646 1712 846 1787; x_wconf 90' lang='lat' dir='ltr'>nunquam</span> <span class='ocrx_word' id='word_1_78' title='bbox 871 1686 1012 1768; x_wconf 79' lang='lat' dir='ltr'>rectori</span> <span class='ocrx_word' id='word_1_79' title='bbox 1032 1687 1254 1764; x_wconf 87' lang='lat' dir='ltr'>animarum</span> <span class='ocrx_word' id='word_1_80' title='bbox 1271 1685 1404 1763; x_wconf 88' lang='lat' dir='ltr'>licebit</span> 
     </span>
     <span class='ocr_line' id='line_1_12' title="bbox 167 1800 1402 1902; baseline 0.002 -26"><span class='ocrx_word' id='word_1_81' title='bbox 167 1801 293 1877; x_wconf 88' lang='lat' dir='ltr'>dictos</span> <span class='ocrx_word' id='word_1_82' title='bbox 322 1803 424 1879; x_wconf 91' lang='lat' dir='ltr'>ritus</span> <span class='ocrx_word' id='word_1_83' title='bbox 458 1802 643 1881; x_wconf 88' lang='lat' dir='ltr'>adhibere</span> <span class='ocrx_word' id='word_1_84' title='bbox 675 1803 725 1880; x_wconf 94' lang='lat' dir='ltr'>in</span> <span class='ocrx_word' id='word_1_85' title='bbox 752 1803 954 1902; x_wconf 87' lang='lat' dir='ltr'>sepultura</span> <span class='ocrx_word' id='word_1_86' title='bbox 986 1805 1163 1880; x_wconf 91' lang='lat' dir='ltr'>fidelium</span> <span class='ocrx_word' id='word_1_87' title='bbox 1196 1801 1239 1879; x_wconf 94' lang='lat' dir='ltr'>in</span> <span class='ocrx_word' id='word_1_88' title='bbox 1273 1800 1402 1878; x_wconf 88' lang='lat' dir='ltr'>alieno</span> 
     </span>
     <span class='ocr_line' id='line_1_13' title="bbox 166 1918 1163 2019; baseline 0.002 -25"><span class='ocrx_word' id='word_1_89' title='bbox 166 1920 409 2014; x_wconf 85' lang='lat' dir='ltr'>coemeterio,</span> <span class='ocrx_word' id='word_1_90' title='bbox 424 1920 500 1996; x_wconf 91' lang='lat' dir='ltr'>nisi</span> <span class='ocrx_word' id='word_1_91' title='bbox 517 1921 567 1997; x_wconf 93' lang='lat' dir='ltr'>de</span> <span class='ocrx_word' id='word_1_92' title='bbox 582 1944 765 2019; x_wconf 83' lang='lat' dir='ltr'>expressa</span> <span class='ocrx_word' id='word_1_93' title='bbox 781 1918 979 1995; x_wconf 91' lang='lat' dir='ltr'>Ordinarii</span> <span class='ocrx_word' id='word_1_94' title='bbox 996 1919 1163 1996; x_wconf 85' lang='lat' dir='ltr'>licentia.</span> 
     </span>
    </p>

    <p class='ocr_par' dir='ltr' id='par_1_3' title="bbox 164 2035 1403 2693">
     <span class='ocr_line' id='line_1_14' title="bbox 215 2035 1403 2137; baseline -0.001 -25"><span class='ocrx_word' id='word_1_95' title='bbox 215 2036 303 2112; x_wconf 84' lang='lat'><strong>319.</strong></span> <span class='ocrx_word' id='word_1_96' title='bbox 348 2035 517 2113; x_wconf 86' lang='lat' dir='ltr'>Domum</span> <span class='ocrx_word' id='word_1_97' title='bbox 559 2061 695 2112; x_wconf 90' lang='lat' dir='ltr'>omnes</span> <span class='ocrx_word' id='word_1_98' title='bbox 728 2035 976 2111; x_wconf 86' lang='lat' dir='ltr'>ecclesiarum</span> <span class='ocrx_word' id='word_1_99' title='bbox 1018 2045 1186 2113; x_wconf 88' lang='lat' dir='ltr'>rectores</span> <span class='ocrx_word' id='word_1_100' title='bbox 1227 2035 1403 2137; x_wconf 79' lang='lat' dir='ltr'>graviter</span> 
     </span>
     <span class='ocr_line' id='line_1_15' title="bbox 166 2152 1402 2253; baseline 0.001 -27"><span class='ocrx_word' id='word_1_101' title='bbox 166 2175 382 2247; x_wconf 92' lang='lat' dir='ltr'>monemus,</span> <span class='ocrx_word' id='word_1_102' title='bbox 427 2152 525 2252; x_wconf 90' lang='lat' dir='ltr'>ipsis</span> <span class='ocrx_word' id='word_1_103' title='bbox 572 2178 707 2229; x_wconf 86' lang='lat' dir='ltr'>veram</span> <span class='ocrx_word' id='word_1_104' title='bbox 754 2152 978 2228; x_wconf 88' lang='lat' dir='ltr'>incumbere</span> <span class='ocrx_word' id='word_1_105' title='bbox 1024 2153 1303 2253; x_wconf 86' lang='lat' dir='ltr'>obligationem</span> <span class='ocrx_word' id='word_1_106' title='bbox 1351 2152 1402 2228; x_wconf 91' lang='lat' dir='ltr'>de</span> 
     </span>
     <span class='ocr_line' id='line_1_16' title="bbox 166 2267 1402 2363; baseline 0.001 -21"><span class='ocrx_word' id='word_1_107' title='bbox 166 2269 405 2345; x_wconf 86' lang='lat' dir='ltr'>coemeteriis</span> <span class='ocrx_word' id='word_1_108' title='bbox 432 2269 643 2345; x_wconf 81' lang='lat' dir='ltr'>Catholicis</span> <span class='ocrx_word' id='word_1_109' title='bbox 669 2269 745 2345; x_wconf 87' lang='lat' dir='ltr'>rite</span> <span class='ocrx_word' id='word_1_110' title='bbox 773 2274 815 2344; x_wconf 88' lang='lat' dir='ltr'>et</span> <span class='ocrx_word' id='word_1_111' title='bbox 841 2268 1023 2344; x_wconf 88' lang='lat' dir='ltr'>decenter</span> <span class='ocrx_word' id='word_1_112' title='bbox 1047 2267 1324 2363; x_wconf 86' lang='lat' dir='ltr'>custodiendis,</span> <span class='ocrx_word' id='word_1_113' title='bbox 1351 2291 1402 2343; x_wconf 91' lang='lat' dir='ltr'>ne</span> 
     </span>
     <span class='ocr_line' id='line_1_17' title="bbox 166 2378 1400 2484; baseline 0 -26"><span class='ocrx_word' id='word_1_114' title='bbox 166 2408 214 2458; x_wconf 85' lang='lat' dir='ltr'>ex</span> <span class='ocrx_word' id='word_1_115' title='bbox 228 2378 375 2460; x_wconf 79' lang='lat' dir='ltr'>corum&#39;</span> <span class='ocrx_word' id='word_1_116' title='bbox 385 2386 606 2462; x_wconf 88' lang='lat' dir='ltr'>conditione</span> <span class='ocrx_word' id='word_1_117' title='bbox 627 2385 786 2462; x_wconf 89' lang='lat' dir='ltr'>sordida</span> <span class='ocrx_word' id='word_1_118' title='bbox 808 2389 879 2460; x_wconf 89' lang='lat' dir='ltr'>aut</span> <span class='ocrx_word' id='word_1_119' title='bbox 900 2384 1076 2482; x_wconf 88' lang='lat' dir='ltr'>neglecta</span> <span class='ocrx_word' id='word_1_120' title='bbox 1097 2384 1232 2461; x_wconf 91' lang='lat' dir='ltr'>fideles</span> <span class='ocrx_word' id='word_1_121' title='bbox 1247 2383 1400 2484; x_wconf 88' lang='lat' dir='ltr'>justam</span> 
     </span>
     <span class='ocr_line' id='line_1_18' title="bbox 165 2497 1400 2599; baseline -0.001 -24"><span class='ocrx_word' id='word_1_122' title='bbox 165 2501 425 2599; x_wconf 90' lang='lat' dir='ltr'>conquerendi</span> <span class='ocrx_word' id='word_1_123' title='bbox 450 2527 606 2578; x_wconf 88' lang='lat' dir='ltr'>causam</span> <span class='ocrx_word' id='word_1_124' title='bbox 631 2502 811 2594; x_wconf 89' lang='lat' dir='ltr'>habeant,</span> <span class='ocrx_word' id='word_1_125' title='bbox 837 2505 878 2575; x_wconf 91' lang='lat' dir='ltr'>et</span> <span class='ocrx_word' id='word_1_126' title='bbox 901 2523 1062 2576; x_wconf 87' lang='lat' dir='ltr'>suorum</span> <span class='ocrx_word' id='word_1_127' title='bbox 1087 2524 1251 2599; x_wconf 87' lang='lat' dir='ltr'>corpora</span> <span class='ocrx_word' id='word_1_128' title='bbox 1274 2498 1317 2573; x_wconf 93' lang='lat' dir='ltr'>in</span> <span class='ocrx_word' id='word_1_129' title='bbox 1342 2497 1400 2574; x_wconf 87' lang='lat' dir='ltr'>eis</span> 
     </span>
     <span class='ocr_line' id='line_1_19' title="bbox 164 2615 1119 2693; baseline 0.005 -3"><span class='ocrx_word' id='word_1_130' title='bbox 164 2615 361 2692; x_wconf 89' lang='lat' dir='ltr'>tumulare</span> <span class='ocrx_word' id='word_1_131' title='bbox 386 2626 625 2693; x_wconf 85' lang='lat' dir='ltr'>aversentur.</span> <span class='ocrx_word' id='word_1_132' title='bbox 1111 2628 1119 2649; x_wconf 88' lang='lat'>&#39;</span> 
     </span>
    </p>
   </div>
   <div class='ocr_carea' id='block_1_3' title="bbox 0 0 1576 5242">
    <p class='ocr_par' dir='ltr' id='par_1_4' title="bbox 0 0 1576 5242">
     <span class='ocr_line' id='line_1_20' title="bbox 0 0 1576 5242; baseline 0 5"><span class='ocrx_word' id='word_1_133' title='bbox 0 0 1576 5242; x_wconf 95' lang='lat' dir='ltr'> </span> 
     </span>
    </p>
   </div>
  </div>
 </body>
</html>
