<?xml version="1.0" encoding="UTF-8"?>
<!DOCTYPE html PUBLIC "-//W3C//DTD XHTML 1.0 Transitional//EN"
    "http://www.w3.org/TR/xhtml1/DTD/xhtml1-transitional.dtd">
<html xmlns="http://www.w3.org/1999/xhtml" xml:lang="en" lang="en">
 <head>
  <title>
</title>
<meta http-equiv="Content-Type" content="text/html;charset=utf-8" />
  <meta name='ocr-system' content='tesseract 3.04.00' />
  <meta name='ocr-capabilities' content='ocr_page ocr_carea ocr_par ocr_line ocrx_word'/>
</head>
<body>
  <div class='ocr_page' id='page_1' title='image "./actaetdecretaco00gibbgoog_0326.png"; bbox 0 0 3142 5242; ppageno 0'>
   <div class='ocr_carea' id='block_1_1' title="bbox 413 458 1417 521">
    <p class='ocr_par' dir='ltr' id='par_1_1' title="bbox 413 458 1417 521">
     <span class='ocr_line' id='line_1_1' title="bbox 413 458 1417 521; baseline 0.003 -3"><span class='ocrx_word' id='word_1_1' title='bbox 413 472 468 518; x_wconf 77' lang='lat' dir='ltr'>Du</span> <span class='ocrx_word' id='word_1_2' title='bbox 497 473 737 520; x_wconf 80' lang='lat' dir='ltr'>ORDINATIS</span> <span class='ocrx_word' id='word_1_3' title='bbox 766 473 926 520; x_wconf 82' lang='lat' dir='ltr'>TITULO</span> <span class='ocrx_word' id='word_1_4' title='bbox 955 472 1186 520; x_wconf 77' lang='lat' dir='ltr'>russloNIS.</span> <span class='ocrx_word' id='word_1_5' title='bbox 1354 458 1417 521; x_wconf 79' lang='lat'>209</span> 
     </span>
    </p>
   </div>
   <div class='ocr_carea' id='block_1_2' title="bbox 181 629 1418 1029">
    <p class='ocr_par' dir='ltr' id='par_1_2' title="bbox 181 629 1418 1029">
     <span class='ocr_line' id='line_1_2' title="bbox 182 629 1418 717; baseline 0.002 -24"><span class='ocrx_word' id='word_1_6' title='bbox 182 629 380 715; x_wconf 83' lang='lat' dir='ltr'>temporibus</span> <span class='ocrx_word' id='word_1_7' title='bbox 402 629 601 717; x_wconf 88' lang='lat' dir='ltr'>impertitum</span> <span class='ocrx_word' id='word_1_8' title='bbox 624 630 731 713; x_wconf 88' lang='lat' dir='ltr'>fuisse,</span> <span class='ocrx_word' id='word_1_9' title='bbox 747 653 812 695; x_wconf 91' lang='lat' dir='ltr'>non</span> <span class='ocrx_word' id='word_1_10' title='bbox 825 629 930 695; x_wconf 90' lang='lat' dir='ltr'>solum</span> <span class='ocrx_word' id='word_1_11' title='bbox 946 653 1018 694; x_wconf 92' lang='lat' dir='ltr'>cum</span> <span class='ocrx_word' id='word_1_12' title='bbox 1038 629 1234 717; x_wconf 86' lang='lat' dir='ltr'>praedictum</span> <span class='ocrx_word' id='word_1_13' title='bbox 1257 630 1418 695; x_wconf 90' lang='lat' dir='ltr'>iuramen-</span> 
     </span>
     <span class='ocr_line' id='line_1_3' title="bbox 182 732 1417 820; baseline 0.002 -24"><span class='ocrx_word' id='word_1_14' title='bbox 182 741 253 797; x_wconf 86' lang='lat' dir='ltr'>tum</span> <span class='ocrx_word' id='word_1_15' title='bbox 275 733 381 820; x_wconf 94' lang='lat' dir='ltr'>primo</span> <span class='ocrx_word' id='word_1_16' title='bbox 401 734 573 818; x_wconf 86' lang='lat' dir='ltr'><strong>emiserint,</strong></span> <span class='ocrx_word' id='word_1_17' title='bbox 589 757 702 800; x_wconf 90' lang='lat' dir='ltr'>verum</span> <span class='ocrx_word' id='word_1_18' title='bbox 723 734 820 799; x_wconf 89' lang='lat' dir='ltr'>etiam</span> <span class='ocrx_word' id='word_1_19' title='bbox 841 757 915 799; x_wconf 90' lang='lat' dir='ltr'>cum</span> <span class='ocrx_word' id='word_1_20' title='bbox 937 734 1020 799; x_wconf 92' lang='lat' dir='ltr'>illud</span> <span class='ocrx_word' id='word_1_21' title='bbox 1041 743 1124 799; x_wconf 85' lang='lat' dir='ltr'>stato</span> <span class='ocrx_word' id='word_1_22' title='bbox 1139 734 1203 798; x_wconf 89' lang='lat' dir='ltr'>iam</span> <span class='ocrx_word' id='word_1_23' title='bbox 1217 732 1270 798; x_wconf 90' lang='lat' dir='ltr'>die</span> <span class='ocrx_word' id='word_1_24' title='bbox 1283 756 1417 799; x_wconf 86' lang='lat' dir='ltr'>renova·</span> 
     </span>
     <span class='ocr_line' id='line_1_4' title="bbox 183 836 1417 926; baseline 0.003 -26"><span class='ocrx_word' id='word_1_25' title='bbox 183 837 300 920; x_wconf 78' lang='lat' dir='ltr'>verint,</span> <span class='ocrx_word' id='word_1_26' title='bbox 320 837 498 903; x_wconf 90' lang='lat' dir='ltr'>dummodo</span> <span class='ocrx_word' id='word_1_27' title='bbox 522 838 557 902; x_wconf 89' lang='lat' dir='ltr'>in</span> <span class='ocrx_word' id='word_1_28' title='bbox 584 846 720 926; x_wconf 90' lang='lat' dir='ltr'>utroque</span> <span class='ocrx_word' id='word_1_29' title='bbox 737 861 812 904; x_wconf 82' lang='lat' dir='ltr'>essu</span> <span class='ocrx_word' id='word_1_30' title='bbox 833 838 1056 903; x_wconf 76' lang='lat' dir='ltr'>conscientiam</span> <span class='ocrx_word' id='word_1_31' title='bbox 1081 859 1172 902; x_wconf 89' lang='lat' dir='ltr'>suam</span> <span class='ocrx_word' id='word_1_32' title='bbox 1199 836 1417 904; x_wconf 86' lang='lat' dir='ltr'>Poeniteutiae</span> 
     </span>
     <span class='ocr_line' id='line_1_5' title="bbox 181 941 1417 1029; baseline 0 -24"><span class='ocrx_word' id='word_1_33' title='bbox 181 952 376 1006; x_wconf 88' lang='lat' dir='ltr'>sacramento</span> <span class='ocrx_word' id='word_1_34' title='bbox 389 942 519 1028; x_wconf 87' lang='lat' dir='ltr'>expiare</span> <span class='ocrx_word' id='word_1_35' title='bbox 532 965 598 1007; x_wconf 92' lang='lat' dir='ltr'>non</span> <span class='ocrx_word' id='word_1_36' title='bbox 612 943 772 1025; x_wconf 83' lang='lat' dir='ltr'>omittant,</span> <span class='ocrx_word' id='word_1_37' title='bbox 783 952 879 1029; x_wconf 84' lang='lat' dir='ltr'>atque</span> <span class='ocrx_word' id='word_1_38' title='bbox 893 941 1146 1007; x_wconf 88' lang='lat' dir='ltr'>Eucharisticam</span> <span class='ocrx_word' id='word_1_39' title='bbox 1161 942 1417 1006; x_wconf 90' lang='lat' dir='ltr'>communionem</span> 
     </span>
    </p>
   </div>
   <div class='ocr_carea' id='block_1_3' title="bbox 181 1044 1415 1237">
    <p class='ocr_par' dir='ltr' id='par_1_3' title="bbox 181 1044 1415 1237">
     <span class='ocr_line' id='line_1_6' title="bbox 181 1044 951 1131; baseline 0.004 -22"><span class='ocrx_word' id='word_1_40' title='bbox 181 1045 365 1131; x_wconf 80' lang='lat' dir='ltr'>suscipiant,</span> <span class='ocrx_word' id='word_1_41' title='bbox 381 1044 434 1111; x_wconf 86' lang='lat' dir='ltr'>vel</span> <span class='ocrx_word' id='word_1_42' title='bbox 449 1045 569 1111; x_wconf 81' lang='lat' dir='ltr'>Missae</span> <span class='ocrx_word' id='word_1_43' title='bbox 581 1046 739 1112; x_wconf 89' lang='lat' dir='ltr'>celebrent</span> <span class='ocrx_word' id='word_1_44' title='bbox 752 1047 951 1112; x_wconf 88' lang='lat' dir='ltr'>sacrificium.</span> 
     </span>
     <span class='ocr_line' id='line_1_7' title="bbox 226 1146 1415 1237; baseline 0.001 -24"><span class='ocrx_word' id='word_1_45' title='bbox 226 1146 349 1213; x_wconf 89' lang='lat' dir='ltr'>Datum</span> <span class='ocrx_word' id='word_1_46' title='bbox 371 1149 494 1215; x_wconf 89' lang='lat' dir='ltr'>Romae</span> <span class='ocrx_word' id='word_1_47' title='bbox 514 1173 555 1215; x_wconf 86' lang='lat' dir='ltr'>ex</span> <span class='ocrx_word' id='word_1_48' title='bbox 577 1150 723 1216; x_wconf 82' lang='lat' dir='ltr'>Aedibus</span> <span class='ocrx_word' id='word_1_49' title='bbox 743 1150 847 1215; x_wconf 89' lang='lat' dir='ltr'>dictae</span> <span class='ocrx_word' id='word_1_50' title='bbox 868 1150 901 1216; x_wconf 91' lang='lat' dir='ltr'>S.</span> <span class='ocrx_word' id='word_1_51' title='bbox 918 1151 1036 1237; x_wconf 86' lang='lat' dir='ltr'>Congr.</span> <span class='ocrx_word' id='word_1_52' title='bbox 1052 1150 1105 1215; x_wconf 91' lang='lat' dir='ltr'>die</span> <span class='ocrx_word' id='word_1_53' title='bbox 1120 1152 1161 1215; x_wconf 77' lang='lat'>27</span> <span class='ocrx_word' id='word_1_54' title='bbox 1178 1148 1303 1236; x_wconf 82' lang='lat' dir='ltr'>Aprilis</span> <span class='ocrx_word' id='word_1_55' title='bbox 1320 1152 1415 1215; x_wconf 84' lang='grc'><strong>1871.</strong></span> 
     </span>
    </p>
   </div>
   <div class='ocr_carea' id='block_1_4' title="bbox 296 1322 1293 1483">
    <p class='ocr_par' dir='ltr' id='par_1_4' title="bbox 296 1322 1293 1483">
     <span class='ocr_line' id='line_1_8' title="bbox 296 1322 1293 1401; baseline 0.001 -17"><span class='ocrx_word' id='word_1_56' title='bbox 296 1322 464 1385; x_wconf 78' lang='lat' dir='ltr'>Fcnuuna</span> <span class='ocrx_word' id='word_1_57' title='bbox 485 1324 680 1386; x_wconf 74' lang='lat' dir='ltr'>Iussumrrr</span> <span class='ocrx_word' id='word_1_58' title='bbox 699 1343 745 1386; x_wconf 73' lang='lat' dir='ltr'>aa</span> <span class='ocrx_word' id='word_1_59' title='bbox 766 1324 1145 1401; x_wconf 75' lang='lat' dir='ltr'>rmPnamrsun1,Qn1</span> <span class='ocrx_word' id='word_1_60' title='bbox 1166 1323 1293 1385; x_wconf 62' lang='lat' dir='ltr'>&#39;l‘rruno</span> 
     </span>
     <span class='ocr_line' id='line_1_9' title="bbox 587 1421 1013 1483; baseline 0.002 -2"><span class='ocrx_word' id='word_1_61' title='bbox 587 1421 756 1483; x_wconf 80' lang='lat' dir='ltr'>M1ss10u1s</span> <span class='ocrx_word' id='word_1_62' title='bbox 777 1421 1013 1483; x_wconf 69' lang='lat' dir='ltr'>Oromarrnn.</span> 
     </span>
    </p>
   </div>
   <div class='ocr_carea' id='block_1_5' title="bbox 178 1566 1417 3212">
    <p class='ocr_par' dir='ltr' id='par_1_5' title="bbox 180 1566 1416 2071">
     <span class='ocr_line' id='line_1_10' title="bbox 226 1566 1415 1654; baseline -0.001 -21"><span class='ocrx_word' id='word_1_63' title='bbox 226 1566 299 1654; x_wconf 83' lang='lat' dir='ltr'>Ego</span> <span class='ocrx_word' id='word_1_64' title='bbox 320 1567 365 1634; x_wconf 87' lang='lat' dir='ltr'>N.</span> <span class='ocrx_word' id='word_1_65' title='bbox 388 1567 495 1633; x_wconf 89' lang='lat' dir='ltr'>Filius</span> <span class='ocrx_word' id='word_1_66' title='bbox 518 1568 562 1634; x_wconf 91' lang='lat' dir='ltr'>N.</span> <span class='ocrx_word' id='word_1_67' title='bbox 584 1568 744 1634; x_wconf 84' lang='lat' dir='ltr'>Dioecesis</span> <span class='ocrx_word' id='word_1_68' title='bbox 766 1568 819 1633; x_wconf 91' lang='lat' dir='ltr'>vel</span> <span class='ocrx_word' id='word_1_69' title='bbox 834 1568 1021 1636; x_wconf 86' lang='lat' dir='ltr'>Vicariatue</span> <span class='ocrx_word' id='word_1_70' title='bbox 1045 1568 1088 1634; x_wconf 91' lang='lat' dir='ltr'>N.</span> <span class='ocrx_word' id='word_1_71' title='bbox 1111 1566 1261 1654; x_wconf 81' lang='lat' dir='ltr'>spondes,</span> <span class='ocrx_word' id='word_1_72' title='bbox 1281 1577 1314 1633; x_wconf 90' lang='lat' dir='ltr'>et</span> <span class='ocrx_word' id='word_1_73' title='bbox 1334 1568 1415 1650; x_wconf 90' lang='lat' dir='ltr'>iuro,</span> 
     </span>
     <span class='ocr_line' id='line_1_11' title="bbox 180 1670 1416 1759; baseline 0 -23"><span class='ocrx_word' id='word_1_74' title='bbox 180 1670 268 1758; x_wconf 91' lang='lat' dir='ltr'>quod</span> <span class='ocrx_word' id='word_1_75' title='bbox 289 1681 458 1758; x_wconf 82' lang='lat' dir='ltr'>postquam</span> <span class='ocrx_word' id='word_1_76' title='bbox 480 1671 522 1737; x_wconf 83' lang='lat' dir='ltr'>nd</span> <span class='ocrx_word' id='word_1_77' title='bbox 543 1672 655 1737; x_wconf 84' lang='lat' dir='ltr'>Sacros</span> <span class='ocrx_word' id='word_1_78' title='bbox 675 1671 815 1737; x_wconf 88' lang='lat' dir='ltr'>Ordines</span> <span class='ocrx_word' id='word_1_79' title='bbox 835 1682 1001 1759; x_wconf 88' lang='lat' dir='ltr'>promotus</span> <span class='ocrx_word' id='word_1_80' title='bbox 1016 1672 1118 1755; x_wconf 88' lang='lat' dir='ltr'>fuero,</span> <span class='ocrx_word' id='word_1_81' title='bbox 1133 1672 1257 1735; x_wconf 89' lang='lat' dir='ltr'>nullam</span> <span class='ocrx_word' id='word_1_82' title='bbox 1272 1670 1416 1757; x_wconf 80' lang='lat' dir='ltr'>Religio-</span> 
     </span>
     <span class='ocr_line' id='line_1_12' title="bbox 180 1773 1416 1863; baseline 0.001 -25"><span class='ocrx_word' id='word_1_83' title='bbox 180 1797 265 1858; x_wconf 88' lang='lat' dir='ltr'>nem,</span> <span class='ocrx_word' id='word_1_84' title='bbox 287 1775 485 1859; x_wconf 76' lang='lat' dir='ltr'>Societatem,</span> <span class='ocrx_word' id='word_1_85' title='bbox 507 1785 565 1841; x_wconf 89' lang='lat' dir='ltr'>aut</span> <span class='ocrx_word' id='word_1_86' title='bbox 585 1776 872 1863; x_wconf 84' lang='lat' dir='ltr'>Congregaticnem</span> <span class='ocrx_word' id='word_1_87' title='bbox 894 1776 1072 1863; x_wconf 86' lang='lat' dir='ltr'>regularem</span> <span class='ocrx_word' id='word_1_88' title='bbox 1094 1775 1162 1840; x_wconf 88' lang='lat' dir='ltr'>sine</span> <span class='ocrx_word' id='word_1_89' title='bbox 1182 1773 1311 1861; x_wconf 88' lang='lat' dir='ltr'>speciali</span> <span class='ocrx_word' id='word_1_90' title='bbox 1324 1773 1416 1839; x_wconf 86' lang='lat' dir='ltr'>Sedis</span> 
     </span>
     <span class='ocr_line' id='line_1_13' title="bbox 181 1877 1416 1967; baseline 0 -25"><span class='ocrx_word' id='word_1_91' title='bbox 181 1878 385 1964; x_wconf 83' lang='lat' dir='ltr'>Apostolicae</span> <span class='ocrx_word' id='word_1_92' title='bbox 413 1879 549 1963; x_wconf 89' lang='lat' dir='ltr'>licentia,</span> <span class='ocrx_word' id='word_1_93' title='bbox 579 1889 635 1945; x_wconf 87' lang='lat' dir='ltr'>aut</span> <span class='ocrx_word' id='word_1_94' title='bbox 663 1880 696 1946; x_wconf 88' lang='lat' dir='ltr'>S.</span> <span class='ocrx_word' id='word_1_95' title='bbox 727 1880 992 1967; x_wconf 84' lang='lat' dir='ltr'>Congregationis</span> <span class='ocrx_word' id='word_1_96' title='bbox 1020 1879 1061 1944; x_wconf 92' lang='lat' dir='ltr'>de</span> <span class='ocrx_word' id='word_1_97' title='bbox 1090 1877 1304 1966; x_wconf 83' lang='lat' dir='ltr'>Propaganda</span> <span class='ocrx_word' id='word_1_98' title='bbox 1333 1877 1416 1942; x_wconf 88' lang='lat' dir='ltr'>Fide</span> 
     </span>
     <span class='ocr_line' id='line_1_14' title="bbox 181 1982 1179 2071; baseline 0.005 -27"><span class='ocrx_word' id='word_1_99' title='bbox 181 1982 353 2068; x_wconf 83' lang='lat' dir='ltr'>ingrediar,</span> <span class='ocrx_word' id='word_1_100' title='bbox 368 2005 470 2070; x_wconf 90' lang='lat' dir='ltr'>neque</span> <span class='ocrx_word' id='word_1_101' title='bbox 484 1983 519 2047; x_wconf 91' lang='lat' dir='ltr'>in</span> <span class='ocrx_word' id='word_1_102' title='bbox 533 2006 642 2049; x_wconf 90' lang='lat' dir='ltr'>earum</span> <span class='ocrx_word' id='word_1_103' title='bbox 657 1984 767 2071; x_wconf 88' lang='lat' dir='ltr'>aliqua</span> <span class='ocrx_word' id='word_1_104' title='bbox 780 1983 1009 2071; x_wconf 72' lang='lat' dir='ltr'>professionem</span> <span class='ocrx_word' id='word_1_105' title='bbox 1024 1984 1179 2049; x_wconf 84' lang='lat' dir='ltr'>emittam.</span> 
     </span>
    </p>

    <p class='ocr_par' dir='ltr' id='par_1_6' title="bbox 178 2084 1417 2901">
     <span class='ocr_line' id='line_1_15' title="bbox 224 2084 1415 2174; baseline -0.004 -20"><span class='ocrx_word' id='word_1_106' title='bbox 224 2085 343 2154; x_wconf 87' lang='lat' dir='ltr'>Voveo</span> <span class='ocrx_word' id='word_1_107' title='bbox 359 2087 479 2172; x_wconf 87' lang='lat' dir='ltr'>pariter</span> <span class='ocrx_word' id='word_1_108' title='bbox 500 2097 532 2153; x_wconf 91' lang='lat' dir='ltr'>et</span> <span class='ocrx_word' id='word_1_109' title='bbox 554 2089 635 2171; x_wconf 89' lang='lat' dir='ltr'>iurc,</span> <span class='ocrx_word' id='word_1_110' title='bbox 655 2087 744 2174; x_wconf 92' lang='lat' dir='ltr'>quod</span> <span class='ocrx_word' id='word_1_111' title='bbox 765 2088 800 2152; x_wconf 91' lang='lat' dir='ltr'>in</span> <span class='ocrx_word' id='word_1_112' title='bbox 818 2088 878 2152; x_wconf 91' lang='lat' dir='ltr'>hac</span> <span class='ocrx_word' id='word_1_113' title='bbox 896 2087 1052 2169; x_wconf 90' lang='lat' dir='ltr'>Dioecesi,</span> <span class='ocrx_word' id='word_1_114' title='bbox 1073 2096 1131 2152; x_wconf 90' lang='lat' dir='ltr'>aut</span> <span class='ocrx_word' id='word_1_115' title='bbox 1144 2086 1327 2169; x_wconf 81' lang='lat' dir='ltr'>Vicaria&#39;tu,</span> <span class='ocrx_word' id='word_1_116' title='bbox 1342 2084 1415 2153; x_wconf 86' lang='lat' dir='ltr'>vel¹</span> 
     </span>
     <span class='ocr_line' id='line_1_16' title="bbox 180 2186 1417 2278; baseline 0.001 -24"><span class='ocrx_word' id='word_1_117' title='bbox 180 2189 214 2254; x_wconf 92' lang='lat' dir='ltr'>in</span> <span class='ocrx_word' id='word_1_118' title='bbox 236 2186 392 2256; x_wconf 78' lang='lat' dir='ltr'>Missione</span> <span class='ocrx_word' id='word_1_119' title='bbox 412 2190 465 2255; x_wconf 92' lang='lat' dir='ltr'>cui</span> <span class='ocrx_word' id='word_1_120' title='bbox 487 2191 521 2257; x_wconf 85' lang='lat' dir='ltr'>S.</span> <span class='ocrx_word' id='word_1_121' title='bbox 542 2191 617 2257; x_wconf 89' lang='lat' dir='ltr'>Sedi</span> <span class='ocrx_word' id='word_1_122' title='bbox 636 2192 690 2258; x_wconf 82' lang='lat' dir='ltr'>vel</span> <span class='ocrx_word' id='word_1_123' title='bbox 712 2191 746 2258; x_wconf 88' lang='lat' dir='ltr'>S.</span> <span class='ocrx_word' id='word_1_124' title='bbox 767 2191 1016 2278; x_wconf 83' lang='lat' dir='ltr'>Congregationi</span> <span class='ocrx_word' id='word_1_125' title='bbox 1036 2190 1078 2256; x_wconf 92' lang='lat' dir='ltr'>de</span> <span class='ocrx_word' id='word_1_126' title='bbox 1099 2190 1312 2277; x_wconf 87' lang='lat' dir='ltr'>Propaganda</span> <span class='ocrx_word' id='word_1_127' title='bbox 1333 2189 1417 2255; x_wconf 86' lang='lat' dir='ltr'>Fide</span> 
     </span>
     <span class='ocr_line' id='line_1_17' title="bbox 179 2293 1415 2382; baseline 0.001 -26"><span class='ocrx_word' id='word_1_128' title='bbox 179 2316 233 2357; x_wconf 91' lang='lat' dir='ltr'>me</span> <span class='ocrx_word' id='word_1_129' title='bbox 253 2293 411 2359; x_wconf 88' lang='lat' dir='ltr'>destinare</span> <span class='ocrx_word' id='word_1_130' title='bbox 432 2295 598 2381; x_wconf 88' lang='lat' dir='ltr'>placuerit,</span> <span class='ocrx_word' id='word_1_131' title='bbox 613 2305 766 2382; x_wconf 88' lang='lat' dir='ltr'>perpetuo</span> <span class='ocrx_word' id='word_1_132' title='bbox 788 2297 824 2360; x_wconf 92' lang='lat' dir='ltr'>in</span> <span class='ocrx_word' id='word_1_133' title='bbox 844 2295 968 2361; x_wconf 88' lang='lat' dir='ltr'>divinis</span> <span class='ocrx_word' id='word_1_134' title='bbox 989 2293 1253 2360; x_wconf 85' lang='lat' dir='ltr'>administrandis</span> <span class='ocrx_word' id='word_1_135' title='bbox 1274 2293 1415 2359; x_wconf 90' lang='lat' dir='ltr'>laborem</span> 
     </span>
     <span class='ocr_line' id='line_1_18' title="bbox 180 2396 1413 2484; baseline 0.001 -24"><span class='ocrx_word' id='word_1_136' title='bbox 180 2419 287 2461; x_wconf 88' lang='lat' dir='ltr'>meum</span> <span class='ocrx_word' id='word_1_137' title='bbox 302 2421 339 2462; x_wconf 86' lang='lat' dir='ltr'>ac</span> <span class='ocrx_word' id='word_1_138' title='bbox 352 2421 491 2484; x_wconf 87' lang='lat' dir='ltr'>operam,</span> <span class='ocrx_word' id='word_1_139' title='bbox 506 2398 567 2464; x_wconf 92' lang='lat' dir='ltr'>sub</span> <span class='ocrx_word' id='word_1_140' title='bbox 587 2399 772 2465; x_wconf 88' lang='lat' dir='ltr'>omnimoda</span> <span class='ocrx_word' id='word_1_141' title='bbox 788 2397 961 2464; x_wconf 82' lang='lat' dir='ltr'>directione</span> <span class='ocrx_word' id='word_1_142' title='bbox 974 2407 1007 2464; x_wconf 88' lang='lat' dir='ltr'>et</span> <span class='ocrx_word' id='word_1_143' title='bbox 1023 2397 1242 2462; x_wconf 88' lang='lat' dir='ltr'>iurisdictione</span> <span class='ocrx_word' id='word_1_144' title='bbox 1257 2397 1299 2463; x_wconf 89' lang='lat' dir='ltr'>R.</span> <span class='ocrx_word' id='word_1_145' title='bbox 1316 2396 1354 2463; x_wconf 95' lang='lat' dir='ltr'>P.</span> <span class='ocrx_word' id='word_1_146' title='bbox 1371 2396 1413 2462; x_wconf 92' lang='lat' dir='ltr'>D.</span> 
     </span>
     <span class='ocr_line' id='line_1_19' title="bbox 179 2490 1415 2590; baseline -0.001 -24"><span class='ocrx_word' id='word_1_147' title='bbox 179 2524 239 2588; x_wconf 90' lang='lat' dir='ltr'>pro</span> <span class='ocrx_word' id='word_1_148' title='bbox 257 2510 399 2588; x_wconf 84' lang='lat' dir='ltr'>tempore</span> <span class='ocrx_word' id='word_1_149' title='bbox 419 2502 596 2586; x_wconf 88' lang='lat' dir='ltr'>Ordiuarii,</span> <span class='ocrx_word' id='word_1_150' title='bbox 611 2527 671 2590; x_wconf 90' lang='lat' dir='ltr'>pro</span> <span class='ocrx_word' id='word_1_151' title='bbox 691 2504 793 2568; x_wconf 84' lang='lat' dir='ltr'>salute</span> <span class='ocrx_word' id='word_1_152' title='bbox 814 2503 995 2568; x_wconf 87' lang='lat' dir='ltr'>animarum</span> <span class='ocrx_word' id='word_1_153' title='bbox 1010 2490 1203 2588; x_wconf 85' lang='lat' dir='ltr'>impendam,</span> <span class='ocrx_word' id='word_1_154' title='bbox 1218 2500 1304 2587; x_wconf 90' lang='lat' dir='ltr'>quod</span> <span class='ocrx_word' id='word_1_155' title='bbox 1319 2502 1415 2566; x_wconf 89' lang='lat' dir='ltr'>etiam</span> 
     </span>
     <span class='ocr_line' id='line_1_20' title="bbox 179 2605 1414 2693; baseline -0.002 -23"><span class='ocrx_word' id='word_1_156' title='bbox 179 2606 355 2692; x_wconf 87' lang='lat' dir='ltr'>praestabo,</span> <span class='ocrx_word' id='word_1_157' title='bbox 376 2605 404 2670; x_wconf 88' lang='lat' dir='ltr'>si</span> <span class='ocrx_word' id='word_1_158' title='bbox 426 2628 499 2671; x_wconf 92' lang='lat' dir='ltr'>cum</span> <span class='ocrx_word' id='word_1_159' title='bbox 522 2607 700 2693; x_wconf 88' lang='lat' dir='ltr'>praedictae</span> <span class='ocrx_word' id='word_1_160' title='bbox 724 2607 820 2672; x_wconf 89' lang='lat' dir='ltr'>Sedis</span> <span class='ocrx_word' id='word_1_161' title='bbox 837 2606 1042 2692; x_wconf 79' lang='lat' dir='ltr'>Apostolicae</span> <span class='ocrx_word' id='word_1_162' title='bbox 1067 2605 1193 2670; x_wconf 90' lang='lat' dir='ltr'>licentia</span> <span class='ocrx_word' id='word_1_163' title='bbox 1217 2605 1414 2691; x_wconf 81' lang='lat' dir='ltr'>religionem,</span> 
     </span>
     <span class='ocr_line' id='line_1_21' title="bbox 179 2708 1415 2798; baseline -0.001 -25"><span class='ocrx_word' id='word_1_164' title='bbox 179 2708 378 2793; x_wconf 85' lang='lat' dir='ltr'>Societatem,</span> <span class='ocrx_word' id='word_1_165' title='bbox 402 2720 459 2775; x_wconf 89' lang='lat' dir='ltr'>aut</span> <span class='ocrx_word' id='word_1_166' title='bbox 484 2710 772 2798; x_wconf 86' lang='lat' dir='ltr'>Congregaticnem</span> <span class='ocrx_word' id='word_1_167' title='bbox 800 2710 979 2798; x_wconf 83' lang='lat' dir='ltr'>regularem</span> <span class='ocrx_word' id='word_1_168' title='bbox 1009 2710 1169 2795; x_wconf 83' lang='lat' dir='ltr'>ingressus</span> <span class='ocrx_word' id='word_1_169' title='bbox 1198 2708 1299 2790; x_wconf 86' lang='lat' dir='ltr'>fuere,</span> <span class='ocrx_word' id='word_1_170' title='bbox 1323 2716 1355 2772; x_wconf 90' lang='lat' dir='ltr'>et</span> <span class='ocrx_word' id='word_1_171' title='bbox 1380 2709 1415 2772; x_wconf 94' lang='lat' dir='ltr'>in</span> 
     </span>
     <span class='ocr_line' id='line_1_22' title="bbox 178 2813 827 2901; baseline 0.005 -24"><span class='ocrx_word' id='word_1_172' title='bbox 178 2835 287 2877; x_wconf 88' lang='lat' dir='ltr'>earum</span> <span class='ocrx_word' id='word_1_173' title='bbox 309 2813 417 2900; x_wconf 90' lang='lat' dir='ltr'>aliqua</span> <span class='ocrx_word' id='word_1_174' title='bbox 437 2814 665 2901; x_wconf 86' lang='lat' dir='ltr'>professionem</span> <span class='ocrx_word' id='word_1_175' title='bbox 687 2815 827 2880; x_wconf 87' lang='lat' dir='ltr'>emisero.</span> 
     </span>
    </p>

    <p class='ocr_par' dir='ltr' id='par_1_7' title="bbox 178 2916 1414 3212">
     <span class='ocr_line' id='line_1_23' title="bbox 223 2916 1413 3006; baseline 0.001 -25"><span class='ocrx_word' id='word_1_176' title='bbox 223 2916 309 2982; x_wconf 86' lang='lat' dir='ltr'>Item</span> <span class='ocrx_word' id='word_1_177' title='bbox 323 2941 437 3001; x_wconf 90' lang='lat' dir='ltr'>voveo,</span> <span class='ocrx_word' id='word_1_178' title='bbox 453 2928 483 2983; x_wconf 90' lang='lat' dir='ltr'>et</span> <span class='ocrx_word' id='word_1_179' title='bbox 498 2918 580 3002; x_wconf 92' lang='lat' dir='ltr'>iuro,</span> <span class='ocrx_word' id='word_1_180' title='bbox 595 2941 647 2984; x_wconf 91' lang='lat' dir='ltr'>me</span> <span class='ocrx_word' id='word_1_181' title='bbox 660 2918 858 3006; x_wconf 87' lang='lat' dir='ltr'>praedictum</span> <span class='ocrx_word' id='word_1_182' title='bbox 873 2918 1099 3001; x_wconf 89' lang='lat' dir='ltr'>iuramentum,</span> <span class='ocrx_word' id='word_1_183' title='bbox 1115 2918 1229 2983; x_wconf 91' lang='lat' dir='ltr'>eteius</span> <span class='ocrx_word' id='word_1_184' title='bbox 1244 2916 1413 3004; x_wconf 83' lang='lat' dir='ltr'>obligatio-</span> 
     </span>
     <span class='ocr_line' id='line_1_24' title="bbox 179 3021 1414 3107; baseline 0.001 -23"><span class='ocrx_word' id='word_1_185' title='bbox 179 3043 252 3085; x_wconf 90' lang='lat' dir='ltr'>nem</span> <span class='ocrx_word' id='word_1_186' title='bbox 283 3021 471 3107; x_wconf 83' lang='lat' dir='ltr'>intelligere,</span> <span class='ocrx_word' id='word_1_187' title='bbox 494 3031 526 3089; x_wconf 88' lang='lat' dir='ltr'>et</span> <span class='ocrx_word' id='word_1_188' title='bbox 553 3021 806 3088; x_wconf 89' lang='lat' dir='ltr'>observaturum.</span> <span class='ocrx_word' id='word_1_189' title='bbox 852 3022 906 3088; x_wconf 92' lang='lat' dir='ltr'>Sic</span> <span class='ocrx_word' id='word_1_190' title='bbox 926 3045 978 3087; x_wconf 90' lang='lat' dir='ltr'>me</span> <span class='ocrx_word' id='word_1_191' title='bbox 999 3022 1087 3087; x_wconf 91' lang='lat' dir='ltr'>Deus</span> <span class='ocrx_word' id='word_1_192' title='bbox 1116 3021 1248 3087; x_wconf 81' lang='lat' dir='ltr'>adiuvet</span> <span class='ocrx_word' id='word_1_193' title='bbox 1277 3030 1308 3086; x_wconf 88' lang='lat' dir='ltr'>et</span> <span class='ocrx_word' id='word_1_194' title='bbox 1337 3021 1414 3086; x_wconf 88' lang='lat' dir='ltr'>haec</span> 
     </span>
     <span class='ocr_line' id='line_1_25' title="bbox 178 3123 580 3212; baseline 0.007 -23"><span class='ocrx_word' id='word_1_195' title='bbox 178 3123 294 3190; x_wconf 86' lang='lat' dir='ltr'>Sancta</span> <span class='ocrx_word' id='word_1_196' title='bbox 309 3124 371 3190; x_wconf 90' lang='lat' dir='ltr'>Dei</span> <span class='ocrx_word' id='word_1_197' title='bbox 391 3125 580 3212; x_wconf 86' lang='lat' dir='ltr'>Evangelia.</span> 
     </span>
    </p>
   </div>
   <div class='ocr_carea' id='block_1_6' title="bbox 160 3424 1387 3620">
    <p class='ocr_par' dir='ltr' id='par_1_8' title="bbox 160 3424 1387 3620">
     <span class='ocr_line' id='line_1_26' title="bbox 160 3424 1387 3505; baseline 0 -4"><span class='ocrx_word' id='word_1_198' title='bbox 160 3440 172 3459; x_wconf 84' lang='lat'><strong>·</strong></span> <span class='ocrx_word' id='word_1_199' title='bbox 205 3424 344 3502; x_wconf 76' lang='lat' dir='ltr'>Deera</span> <span class='ocrx_word' id='word_1_200' title='bbox 369 3427 595 3503; x_wconf 78' lang='lat' dir='ltr'>Paorcsma</span> <span class='ocrx_word' id='word_1_201' title='bbox 622 3430 660 3503; x_wconf 82' lang='lat' dir='ltr'>S.</span> <span class='ocrx_word' id='word_1_202' title='bbox 688 3429 1024 3505; x_wconf 74' lang='lat' dir='ltr'>Corenuenrrcrr</span> <span class='ocrx_word' id='word_1_203' title='bbox 1050 3450 1104 3503; x_wconf 81' lang='lat' dir='ltr'>nn</span> <span class='ocrx_word' id='word_1_204' title='bbox 1129 3428 1253 3502; x_wconf 83' lang='lat' dir='ltr'>Pncr.</span> <span class='ocrx_word' id='word_1_205' title='bbox 1281 3427 1387 3501; x_wconf 80' lang='lat' dir='ltr'>qu</span> 
     </span>
     <span class='ocr_line' id='line_1_27' title="bbox 387 3543 1205 3620; baseline 0.001 -3"><span class='ocrx_word' id='word_1_206' title='bbox 387 3543 513 3620; x_wconf 73' lang='lat' dir='ltr'>Ornos</span> <span class='ocrx_word' id='word_1_207' title='bbox 541 3544 775 3620; x_wconf 77' lang='lat' dir='ltr'>Onnrrmrcs</span> <span class='ocrx_word' id='word_1_208' title='bbox 800 3545 953 3619; x_wconf 79' lang='lat' dir='ltr'>Trruuo</span> <span class='ocrx_word' id='word_1_209' title='bbox 980 3545 1205 3619; x_wconf 80' lang='lat' dir='ltr'>Mrssrcrus.</span> 
     </span>
    </p>
   </div>
   <div class='ocr_carea' id='block_1_7' title="bbox 625 3711 964 3799">
    <p class='ocr_par' dir='ltr' id='par_1_9' title="bbox 625 3711 964 3799">
     <span class='ocr_line' id='line_1_28' title="bbox 625 3711 964 3799; baseline 0.003 -22"><span class='ocrx_word' id='word_1_210' title='bbox 625 3712 707 3798; x_wconf 79' lang='lat' dir='ltr'>[Ad.</span> <span class='ocrx_word' id='word_1_211' title='bbox 725 3736 762 3799; x_wconf 84' lang='lat' dir='ltr'>p.</span> <span class='ocrx_word' id='word_1_212' title='bbox 779 3715 831 3794; x_wconf 82' lang='lat'>34,</span> <span class='ocrx_word' id='word_1_213' title='bbox 846 3735 877 3777; x_wconf 83' lang='lat' dir='ltr'>n.</span> <span class='ocrx_word' id='word_1_214' title='bbox 896 3711 964 3798; x_wconf 84' lang='lat'><strong>66.]</strong></span> 
     </span>
    </p>
   </div>
   <div class='ocr_carea' id='block_1_8' title="bbox 177 3863 1414 4473">
    <p class='ocr_par' dir='ltr' id='par_1_10' title="bbox 178 3863 1414 4264">
     <span class='ocr_line' id='line_1_29' title="bbox 223 3863 1414 3954; baseline -0.002 -24"><span class='ocrx_word' id='word_1_215' title='bbox 223 3867 252 3930; x_wconf 93' lang='lat'>1.</span> <span class='ocrx_word' id='word_1_216' title='bbox 283 3863 325 3930; x_wconf 85' lang='lat' dir='ltr'>Se</span> <span class='ocrx_word' id='word_1_217' title='bbox 338 3864 379 3930; x_wconf 91' lang='lat' dir='ltr'>ed</span> <span class='ocrx_word' id='word_1_218' title='bbox 393 3865 428 3929; x_wconf 91' lang='lat' dir='ltr'>in</span> <span class='ocrx_word' id='word_1_219' title='bbox 442 3866 519 3952; x_wconf 89' lang='lat' dir='ltr'>qual</span> <span class='ocrx_word' id='word_1_220' title='bbox 540 3867 635 3932; x_wconf 90' lang='lat' dir='ltr'>modo</span> <span class='ocrx_word' id='word_1_221' title='bbox 656 3889 821 3954; x_wconf 88' lang='lat' dir='ltr'>convenga</span> <span class='ocrx_word' id='word_1_222' title='bbox 841 3865 1027 3949; x_wconf 84' lang='lat' dir='ltr'>dichiarare,</span> <span class='ocrx_word' id='word_1_223' title='bbox 1042 3866 1100 3931; x_wconf 90' lang='lat' dir='ltr'>che</span> <span class='ocrx_word' id='word_1_224' title='bbox 1118 3864 1311 3945; x_wconf 84' lang='lat' dir='ltr'>iSaccrdcti</span> <span class='ocrx_word' id='word_1_225' title='bbox 1327 3864 1414 3930; x_wconf 88' lang='lat' dir='ltr'>ordi-</span> 
     </span>
     <span class='ocr_line' id='line_1_30' title="bbox 178 3968 1413 4056; baseline 0.001 -23"><span class='ocrx_word' id='word_1_226' title='bbox 178 3968 246 4034; x_wconf 88' lang='lat' dir='ltr'>nati</span> <span class='ocrx_word' id='word_1_227' title='bbox 268 3991 288 4033; x_wconf 88' lang='lat' dir='ltr'>a</span> <span class='ocrx_word' id='word_1_228' title='bbox 308 3969 402 4035; x_wconf 88' lang='lat' dir='ltr'>titolo</span> <span class='ocrx_word' id='word_1_229' title='bbox 424 3969 460 4035; x_wconf 91' lang='lat' dir='ltr'>di</span> <span class='ocrx_word' id='word_1_230' title='bbox 486 3970 642 4036; x_wconf 90' lang='lat' dir='ltr'>Missione</span> <span class='ocrx_word' id='word_1_231' title='bbox 665 3969 854 4036; x_wconf 88' lang='lat' dir='ltr'>rendendosi</span> <span class='ocrx_word' id='word_1_232' title='bbox 876 3969 1007 4056; x_wconf 87' lang='lat' dir='ltr'>indegni</span> <span class='ocrx_word' id='word_1_233' title='bbox 1029 3969 1064 4035; x_wconf 92' lang='lat' dir='ltr'>di</span> <span class='ocrx_word' id='word_1_234' title='bbox 1086 3971 1249 4034; x_wconf 79' lang='lat' dir='ltr'>esercitare</span> <span class='ocrx_word' id='word_1_235' title='bbox 1274 3968 1298 4033; x_wconf 96' lang='lat' dir='ltr'>il</span> <span class='ocrx_word' id='word_1_236' title='bbox 1325 3991 1413 4034; x_wconf 85' lang='lat' dir='ltr'>sacro</span> 
     </span>
     <span class='ocr_line' id='line_1_31' title="bbox 178 4071 1413 4161; baseline 0.002 -26"><span class='ocrx_word' id='word_1_237' title='bbox 178 4071 352 4155; x_wconf 74' lang='lat' dir='ltr'>ministare,</span> <span class='ocrx_word' id='word_1_238' title='bbox 374 4073 563 4161; x_wconf 89' lang='lat' dir='ltr'>rimangcnc</span> <span class='ocrx_word' id='word_1_239' title='bbox 586 4073 706 4161; x_wconf 90' lang='lat' dir='ltr'>privati</span> <span class='ocrx_word' id='word_1_240' title='bbox 731 4072 817 4139; x_wconf 90' lang='lat' dir='ltr'>dello</span> <span class='ocrx_word' id='word_1_241' title='bbox 841 4084 939 4139; x_wconf 74' lang='lat' dir='ltr'>stesso</span> <span class='ocrx_word' id='word_1_242' title='bbox 964 4073 1107 4157; x_wconf 86' lang='lat' dir='ltr'>tit010,e</span> <span class='ocrx_word' id='word_1_243' title='bbox 1132 4072 1189 4138; x_wconf 90' lang='lat' dir='ltr'>che</span> <span class='ocrx_word' id='word_1_244' title='bbox 1216 4071 1413 4137; x_wconf 87' lang='lat' dir='ltr'>l&#39;Ordinaric</span> 
     </span>
     <span class='ocr_line' id='line_1_32' title="bbox 178 4176 1041 4264; baseline 0.005 -25"><span class='ocrx_word' id='word_1_245' title='bbox 178 4197 244 4239; x_wconf 91' lang='lat' dir='ltr'>non</span> <span class='ocrx_word' id='word_1_246' title='bbox 257 4181 275 4240; x_wconf 76' lang='lat' dir='ltr'>e</span> <span class='ocrx_word' id='word_1_247' title='bbox 288 4185 399 4243; x_wconf 87' lang='lat' dir='ltr'>tenuto</span> <span class='ocrx_word' id='word_1_248' title='bbox 413 4200 434 4242; x_wconf 92' lang='lat' dir='ltr'>a</span> <span class='ocrx_word' id='word_1_249' title='bbox 447 4177 643 4264; x_wconf 88' lang='lat' dir='ltr'>provvedere</span> <span class='ocrx_word' id='word_1_250' title='bbox 656 4177 688 4243; x_wconf 90' lang='lat' dir='ltr'>al</span> <span class='ocrx_word' id='word_1_251' title='bbox 704 4176 772 4243; x_wconf 93' lang='lat' dir='ltr'>loro</span> <span class='ocrx_word' id='word_1_252' title='bbox 786 4186 1041 4243; x_wconf 85' lang='lat' dir='ltr'>sostentamento.</span> 
     </span>
    </p>

    <p class='ocr_par' dir='ltr' id='par_1_11' title="bbox 177 4279 1414 4473">
     <span class='ocr_line' id='line_1_33' title="bbox 223 4279 1414 4367; baseline 0.002 -24"><span class='ocrx_word' id='word_1_253' title='bbox 223 4280 253 4344; x_wconf 82' lang='lat'>2.</span> <span class='ocrx_word' id='word_1_254' title='bbox 290 4279 333 4346; x_wconf 87' lang='lat' dir='ltr'>Se</span> <span class='ocrx_word' id='word_1_255' title='bbox 357 4281 393 4345; x_wconf 92' lang='lat' dir='ltr'>in</span> <span class='ocrx_word' id='word_1_256' title='bbox 413 4282 499 4347; x_wconf 84' lang='lat' dir='ltr'>vista</span> <span class='ocrx_word' id='word_1_257' title='bbox 519 4281 572 4346; x_wconf 89' lang='lat' dir='ltr'>del</span> <span class='ocrx_word' id='word_1_258' title='bbox 597 4281 711 4347; x_wconf 82' lang='lat' dir='ltr'>difettc</span> <span class='ocrx_word' id='word_1_259' title='bbox 732 4282 768 4346; x_wconf 92' lang='lat' dir='ltr'>di</span> <span class='ocrx_word' id='word_1_260' title='bbox 789 4281 864 4347; x_wconf 87' lang='lat' dir='ltr'>altri</span> <span class='ocrx_word' id='word_1_261' title='bbox 884 4280 971 4346; x_wconf 88' lang='lat' dir='ltr'>titcli</span> <span class='ocrx_word' id='word_1_262' title='bbox 993 4281 1045 4347; x_wconf 91' lang='lat' dir='ltr'>nei</span> <span class='ocrx_word' id='word_1_263' title='bbox 1070 4281 1183 4367; x_wconf 89' lang='lat' dir='ltr'>lucghi</span> <span class='ocrx_word' id='word_1_264' title='bbox 1204 4280 1239 4346; x_wconf 92' lang='lat' dir='ltr'>di</span> <span class='ocrx_word' id='word_1_265' title='bbox 1265 4280 1414 4346; x_wconf 90' lang='lat' dir='ltr'>missione</span> 
     </span>
     <span class='ocr_line' id='line_1_34' title="bbox 177 4381 1414 4473; baseline 0.002 -26"><span class='ocrx_word' id='word_1_266' title='bbox 177 4381 271 4448; x_wconf 86' lang='lat' dir='ltr'>abbia</span> <span class='ocrx_word' id='word_1_267' title='bbox 296 4383 497 4472; x_wconf 85' lang='lat' dir='ltr'>aderogarsi</span> <span class='ocrx_word' id='word_1_268' title='bbox 518 4383 705 4452; x_wconf 85' lang='lat' dir='ltr'>all&#39;srticolo</span> <span class='ocrx_word' id='word_1_269' title='bbox 726 4384 993 4469; x_wconf 85' lang='lat' dir='ltr'>dell&#39;Istruzione,</span> <span class='ocrx_word' id='word_1_270' title='bbox 1016 4384 1069 4450; x_wconf 90' lang='lat' dir='ltr'>nel</span> <span class='ocrx_word' id='word_1_271' title='bbox 1091 4384 1185 4473; x_wconf 84' lang='lat' dir='ltr'>quale</span> <span class='ocrx_word' id='word_1_272' title='bbox 1206 4385 1232 4450; x_wconf 91' lang='lat' dir='ltr'>si</span> <span class='ocrx_word' id='word_1_273' title='bbox 1255 4385 1414 4471; x_wconf 78' lang='lat' dir='ltr'>prescrive</span> 
     </span>
    </p>
   </div>
   <div class='ocr_carea' id='block_1_9' title="bbox 179 4535 1414 4671">
    <p class='ocr_par' dir='ltr' id='par_1_12' title="bbox 179 4535 1414 4671">
     <span class='ocr_line' id='line_1_35' title="bbox 179 4535 1414 4670; baseline 0.001 -82"><span class='ocrx_word' id='word_1_274' title='bbox 179 4535 311 4670; x_wconf 47' lang='lat' dir='ltr'>fugam</span> <span class='ocrx_word' id='word_1_275' title='bbox 327 4536 399 4591; x_wconf 88' lang='lat' dir='ltr'>hunc</span> <span class='ocrx_word' id='word_1_276' title='bbox 414 4539 528 4592; x_wconf 76' lang='lat' dir='ltr'>alterum</span> <span class='ocrx_word' id='word_1_277' title='bbox 544 4538 652 4592; x_wconf 88' lang='lat' dir='ltr'>modum</span> <span class='ocrx_word' id='word_1_278' title='bbox 667 4539 755 4592; x_wconf 86' lang='lat' dir='ltr'>iurare</span> <span class='ocrx_word' id='word_1_279' title='bbox 770 4539 873 4605; x_wconf 87' lang='lat' dir='ltr'>debent,</span> <span class='ocrx_word' id='word_1_280' title='bbox 886 4539 933 4607; x_wconf 92' lang='lat' dir='ltr'>qni</span> <span class='ocrx_word' id='word_1_281' title='bbox 950 4539 1068 4592; x_wconf 90' lang='lat' dir='ltr'>nondum</span> <span class='ocrx_word' id='word_1_282' title='bbox 1083 4539 1165 4591; x_wconf 83' lang='lat' dir='ltr'>alicui</span> <span class='ocrx_word' id='word_1_283' title='bbox 1180 4537 1298 4590; x_wconf 86' lang='lat' dir='ltr'>missioni</span> <span class='ocrx_word' id='word_1_284' title='bbox 1314 4536 1414 4589; x_wconf 86' lang='lat' dir='ltr'>addicti</span> 
     </span>
     <span class='ocr_line' id='line_1_36' title="bbox 240 4619 287 4671; baseline 0.021 -1"><span class='ocrx_word' id='word_1_285' title='bbox 240 4619 287 4671; x_wconf 74' lang='lat' dir='ltr'>’nt</span> 
     </span>
    </p>
   </div>
   <div class='ocr_carea' id='block_1_10' title="bbox 0 0 1576 5242">
    <p class='ocr_par' dir='ltr' id='par_1_13' title="bbox 0 0 1576 5242">
     <span class='ocr_line' id='line_1_37' title="bbox 0 0 1576 5242; baseline 0 1"><span class='ocrx_word' id='word_1_286' title='bbox 0 0 1576 5242; x_wconf 95' lang='lat' dir='ltr'> </span> 
     </span>
    </p>
   </div>
  </div>
 </body>
</html>
