3142 5242
211 430 254 494 90
340 440 524 489 rlrunus
549 437 701 486 v.—nn
729 437 1009 485 cnsnrcouuu
1039 437 1335 485 nnucnrlonn.

209 597 410 676 seminarii
443 596 484 672 in
518 595 625 672 aliud
656 594 836 692 migrent,
862 592 946 670 sive
975 592 1068 694 quia
1097 595 1148 669 ad
1182 591 1449 669 ministerium

208 715 316 801 haud
339 712 470 790 idonei
489 711 729 810 judicantur,
746 710 831 787 sive
856 710 1086 809 disciplinae
1110 709 1315 786 severioris
1338 709 1448 808 fuga,

209 830 292 907 sive
308 831 468 907 tandem
486 853 534 903 ex
550 826 672 904 animi
693 825 956 903 inconstantia
972 833 1013 903 et
1028 825 1198 903 levitate.
1250 824 1448 924 Praecipi-

209 972 297 1023 mus
324 944 455 1045 igitur,
481 951 527 1021 ut
556 968 672 1019 nemo
701 942 928 1042 hujusmodi
956 942 999 1018 in
1028 949 1228 1044 posterum
1257 942 1301 1018 in
1330 941 1448 1018 semi·

208 1063 365 1139 narium
398 1059 565 1162 quodvis
598 1059 842 1153 admittatur,
868 1059 945 1135 nisi
977 1084 1108 1136 secum
1142 1062 1280 1136 afferat
1310 1058 1449 1135 literas

207 1177 490 1255 testimoniales
515 1177 565 1253 ab
590 1176 784 1275 Episcopo
809 1183 850 1252 et
874 1175 1139 1275 superioribus
1168 1175 1370 1252 seminarii
1397 1199 1449 1251 ex

208 1320 285 1395 quo
302 1319 436 1371 recens
458 1318 636 1391 egressus
652 1299 723 1368 est.
775 1292 890 1383 Quod
912 1291 946 1368 si
969 1317 1060 1369 eum
1083 1292 1268 1368 hactenus
1286 1292 1447 1391 Episco-

208 1436 284 1509 pus
300 1411 369 1487 ille
387 1417 457 1487 aut
471 1409 691 1509 superiores
707 1409 908 1485 seminarii
925 1409 1007 1485 suis
1023 1410 1245 1508 sumptibus
1262 1408 1446 1508 aluerint,

209 1552 257 1604 ex
275 1527 432 1627 justitia
454 1551 683 1625 recuperare
699 1527 845 1603 debent
865 1527 915 1602 ab
940 1525 1134 1625 Episcopo
1152 1533 1221 1602 aut
1236 1522 1447 1624 superiori·

208 1643 282 1720 bus
299 1643 510 1737 seminarii,
528 1643 580 1720 ad
601 1643 707 1743 quod
729 1642 896 1737 transiit,
913 1649 1070 1718 tantum
1092 1650 1282 1743 quantum
1301 1641 1344 1717 in
1360 1640 1448 1739 ipso

208 1762 408 1836 educando
423 1759 646 1859 impensum
664 1757 774 1852 fuit‚’'
795 1758 886 1858 (No.
901 1760 990 1858 180)
1012 1757 1048 1834 si
1064 1784 1204 1857 nempe
1220 1757 1262 1833 in
1280 1757 1448 1834 alteram

209 1876 414 1953 dioecesim
441 1875 693 1952 adscribatur.
762 1873 871 1964 Quae
896 1881 941 1949 ut
965 1882 1141 1950 accurate
1165 1880 1383 1967 serventur,
1407 1878 1450 1948 et

208 1991 248 2068 N
250 2017 292 2068 os
317 1994 562 2069 mandamus.

259 2110 345 2188 177.
380 2109 442 2186 Ne
466 2107 616 2184 alumni
642 2108 782 2201 elerici,
806 2107 874 2183 ubi
899 2107 1018 2184 villae
1043 2110 1217 2184 nondum
1242 2108 1450 2186 institutae

209 2234 312 2320 sunt,
346 2224 594 2300 vacationum
636 2231 823 2324 tempore,
861 2223 978 2299 illum
1019 2232 1146 2299 rectae
1187 2223 1449 2301 institutionis

209 2343 378 2419 fructum
401 2342 595 2434 amittant,
613 2364 730 2441 quem
753 2364 832 2415 non
856 2339 941 2416 sine
963 2365 1106 2439 magno
1129 2365 1200 2416 suo
1222 2347 1264 2417 et
1284 2365 1448 2418 suorum

209 2461 497 2535 moderatorum
511 2465 882 2556 praeceptorumque
900 2456 1032 2532 labore
1046 2457 1318 2556 acquisierunt,
1332 2481 1448 2557 supe·

208 2574 330 2652 riores
348 2577 550 2650 accedente
575 2573 762 2649 feriarum
781 2579 959 2671 tempore
983 2573 1119 2649 sedulo
1144 2598 1210 2649 eos
1233 2571 1448 2670 instruant,

208 2717 286 2792 qua
301 2691 452 2767 ratione
468 2690 510 2765 in
529 2689 636 2764 omni
657 2688 849 2765 modestia
873 2695 913 2765 et
938 2688 1143 2765 sanctitate
1159 2691 1327 2766 debeant
1342 2688 1450 2768 inter

208 2808 513 2906 consanguineos
536 2815 577 2882 et
599 2807 775 2882 concives
791 2807 961 2900 versari3
988 2833 1087 2906 quae
1110 2807 1282 2905 pericula
1297 2808 1448 2907 fugere,

209 2931 253 2999 ut
268 2924 539 2999 immaculatos
556 2949 599 2999 se
615 2923 835 2998 custodiant
851 2924 901 2998 ab
924 2923 997 2999 hoc
1013 2925 1186 3016 saeculo;
1213 2924 1320 3023 quali
1338 2950 1448 3000 occu-

208 3040 366 3140 patione
390 3039 513 3115 animi
538 3040 793 3114 recreationes
818 3046 1047 3137 temperare,
1075 3065 1123 3117 ne
1148 3040 1227 3116 otio
1253 3049 1448 3139 torpeant,

208 3181 256 3232 ex
284 3181 361 3254 quo
389 3162 449 3231 tot
478 3163 712 3231 enascuntur
735 3156 854 3248 vitia;
889 3155 1030 3255 quibus
1061 3159 1219 3232 domum
1253 3158 1449 3234 exercitiis

208 3272 364 3371 pietatis
403 3271 577 3371 quotidie
618 3271 851 3364 incumbere,
887 3280 931 3347 ut
972 3273 1298 3350 clementissimus
1338 3274 1448 3352 Deus

208 3389 393 3464 feriarum
418 3394 574 3486 tempus
598 3387 823 3464 benedicere
848 3388 1043 3487 dignetur,
1070 3414 1146 3488 quo
1175 3388 1327 3465 alumni
1357 3398 1450 3490 post

208 3506 425 3580 exantlatos
448 3505 600 3579 labores
622 3504 752 3603 quiete
776 3505 971 3580 fruuntur.
1027 3485 1447 3605 (sono.‘.Pr0v.U1a-a-

202 3620 292 3720 ject.
320 3646 354 3696 a.
382 3623 507 3720 1863.)
571 3620 757 3696 Perochis
790 3621 910 3696 etiam
943 3621 1216 3721 praecipimus,
1243 3630 1289 3699 ut
1321 3624 1447 3700 alum·

208 3763 348 3813 norum
383 3737 609 3812 clericorum
647 3737 834 3812 feriarum
871 3746 1048 3837 tempore
1080 3739 1187 3815 intra
1224 3742 1446 3839 paroeciam

208 3853 431 3953 degentium
445 3853 549 3928 vitae
566 3860 605 3928 et
621 3853 796 3928 moribus
813 3855 949 3933 sedulo
966 3855 1184 3953 invigilent,
1198 3882 1275 3956 quo
1292 3859 1448 3956 possint

208 3974 256 4047 de
273 3981 360 4046 tota·
372 3995 503 4044 eorum
523 3970 663 4068 agendi
681 3970 833 4046 ratione
848 3972 1117 4048 testimonium
1133 3975 1306 4048 reddere.
1362 3974 1446 4073 Ipsi

201 4087 367 4185 juvenes
384 4086 518 4160 statim
536 4087 585 4160 ab
602 4086 714 4161 initio
732 4088 901 4186 parocho
924 4114 966 4164 se
989 4090 1129 4165 sistant
1145 4091 1306 4189 ejusque
1324 4092 1444 4166 direc-

206 4202 304 4277 tioni
323 4212 363 4278 et
378 4227 493 4277 curae
510 4227 552 4277 se
568 4205 651 4300 subj
659 4203 786 4279 iciant.
839 4205 898 4280 Ut
916 4206 1001 4303 jam
1018 4205 1209 4305 incipiant
1230 4207 1442 4306 apostolico

207 4319 359 4394 muneri
377 4322 662 4418 quodammodo
681 4319 888 4420 proludere
905 4322 1078 4398 caritatis
1101 4330 1141 4399 et
1164 4323 1238 4399 zeli
1260 4326 1442 4423 operibus

207 4461 290 4511 sese
315 4439 536 4528 exercendo,
564 4444 679 4536 atque
705 4438 894 4513 clericalis
919 4439 1023 4515 vitae
1051 4439 1184 4515 officiis
1210 4449 1442 4534 assuescant,

207 4553 398 4650 parochus
423 4554 578 4627 eosdem
610 4552 792 4628 adhibeat
821 4552 863 4628 in
893 4555 1076 4653 operibus
1107 4555 1314 4631 ministerii
1346 4583 1444 4659 quae
