3142 5242
200 442 277 508 cviii
336 460 577 508 couornruu
607 460 870 508 ennuamuu
898 459 1235 508 aanrruoaause
1263 459 1335 508 111.

243 616 399 701 Ejusdem
415 617 552 683 Concilii
564 617 706 683 Plenarii
721 616 963 684 Baltimorensis
974 618 1075 683 Tertii
1091 618 1201 688 Patres
1215 617 1292 683 item
1306 615 1440 683 consilia

199 720 405 786 contulerunt
417 720 458 787 ad
472 721 763 805 determinandum,
777 744 934 809 quasnam
947 720 989 787 ad
1003 731 1110 808 partes
1123 722 1292 788 Amerieae
1306 720 1438 807 Septen-

200 823 347 889 trioualis
368 824 572 909 Foederatae,
587 825 623 889 in
643 825 764 912 quibus
783 826 946 890 decretum
968 827 987 860 “
998 825 1139 890 Tametsi
1148 823 1170 857 ''
1189 825 1290 911 viget,
1309 834 1439 889 extensa

201 926 300 992 fuerit
313 926 495 995 Declaratio
510 928 676 994 Benedicti
690 928 799 997 XIV.
813 952 844 995 a.
861 931 943 995 1741
966 951 1027 1016 pro
1041 927 1223 994 Hollandia
1232 928 1336 998 edita.

244 1029 296 1096 Ea
309 1030 349 1096 de
363 1054 398 1097 re
413 1033 524 1098 Patres
537 1033 573 1097 in
587 1032 671 1098 hauc
683 1040 903 1098 convenerunt
916 1033 1123 1099 sententiam:

244 1133 426 1200 Declaratio
438 1136 644 1202 Benedictina
654 1145 785 1202 extensa
798 1136 864 1201 fuit
883 1140 913 1202 1.
925 1131 967 1202 ad
977 1135 1169 1202 Provinciae
1179 1136 1439 1202 Neo-Aurelian-

199 1238 285 1303 ensis
298 1249 463 1325 sequentes
473 1239 638 1324 dioeceses,
648 1239 778 1324 scilicet,
790 1239 1060 1305 Archidioecesim
1070 1240 1105 1306 N
1105 1228 1422 1306 eo-Aureliauensem
1428 1265 1439 1322 ;

76 1385 79 1390 -
200 1342 355 1408 dioeceses
384 1342 697 1426 Natchitochensem,
717 1343 974 1427 Natchetensem,
993 1343 1240 1428 Petriculanam,
1262 1343 1438 1409 Mobilieu·

200 1469 287 1530 sem3
314 1449 344 1513 2.
375 1446 419 1512 ad
441 1447 648 1514 Provinciam
669 1447 704 1514 S.
727 1447 894 1514 Francisci
915 1471 990 1513 cum
1011 1447 1171 1514 territorio
1192 1447 1305 1531 Utah3
1335 1451 1367 1514 3.
1396 1448 1438 1514 ad

201 1550 368 1615 dioecesim
398 1550 748 1638 Vinceunopclitauam
787 1551 980 1617 Provinciae
1012 1552 1290 1634 Cincinnatensis3
1327 1555 1359 1617 4.
1395 1552 1437 1616 ad

200 1653 471 1720 Archidioeoesim
491 1655 524 1721 S.
541 1655 702 1721 Ludovici
721 1653 828 1743 quoad
849 1665 955 1742 partes
969 1655 1011 1720 -in
1032 1655 1150 1743 quibus
1168 1655 1259 1742 viget
1276 1653 1437 1720 decretum

200 1760 221 1794 “
230 1757 372 1824 Tametsi
380 1757 422 1842 ”3
445 1761 475 1824 5.
498 1759 540 1824 ad
555 1759 624 1825 loos
637 1759 787 1824 dioecesis
796 1759 983 1825 Altonensis
997 1760 1032 1824 iu
1046 1759 1164 1847 quibus
1177 1759 1262 1825 idem
1277 1758 1437 1824 decrerim

125 1870 128 1875 '
200 1862 332 1930 obtinet.

243 1965 426 2034 Declaratio
448 1968 656 2035 Benedictina
675 1992 740 2035 non
761 1979 892 2035 extensa
911 1968 975 2034 fuit
993 1969 1034 2034 ad
1055 1969 1260 2034 Provinciam
1281 1968 1314 2034 S.
1332 1968 1436 2034 Fidei.

200 2071 318 2152 Quoad
337 2071 493 2138 dioeceses
506 2095 584 2138 vero
603 2073 637 2139 S.
653 2073 800 2156 Antonii,
815 2072 1107 2155 Galvestonensem,
1123 2072 1435 2154 Brownsvillensem,

200 2198 282 2262 quae
309 2175 472 2262 pertinent
498 2175 541 2241 ad
570 2178 769 2263 provinciam
798 2175 1157 2258 Neo-Aurelianensem,
1179 2198 1229 2242 res
1253 2185 1302 2241 est
1329 2176 1435 2259 dubia,

200 2288 310 2345 utrum
325 2302 422 2345 necne
436 2279 608 2345 declaratio
622 2279 830 2346 Benedictiua
842 2290 972 2345 extensa
985 2279 1092 2346 fuerit.

244 2386 339 2464 Quae
356 2406 436 2466 cum
451 2384 498 2450 ita
516 2384 592 2467 sint,
607 2407 674 2470 quo
687 2384 894 2449 uniformitas
908 2384 969 2449 hac
986 2383 1022 2448 in
1036 2406 1082 2468 re,
1096 2383 1247 2449 omnibus
1260 2384 1296 2448 in
1311 2383 1390 2450 locis
1403 2383 1436 2447 in

199 2489 317 2575 quibus
331 2488 422 2575 viget
441 2487 604 2553 decretum
626 2490 646 2523 “
656 2487 796 2553 Tametsi
805 2485 827 2519 ''
849 2487 1028 2571 inducatur,
1044 2487 1216 2575 nullusque
1237 2488 1436 2575 relinquatur

199 2591 383 2680 ambigendi
403 2591 503 2676 locus,
518 2591 626 2658 visum
642 2601 691 2657 est
709 2591 862 2657 Patribus
876 2591 1015 2658 Concilii
1033 2591 1177 2657 Plenarii
1193 2590 1436 2658 Baltimorensis

199 2696 312 2779 Tertii,
340 2695 542 2761 Beatitudini
577 2696 667 2761 Tuae
700 2696 891 2783 supplicare,
919 2705 958 2761 ut
985 2717 1134 2783 suprema
1161 2717 1219 2761 sua
1251 2696 1435 2762 auctoritate

199 2800 336 2889 benigne
356 2800 508 2888 dignetur
529 2799 786 2865 Declarationem
808 2823 828 2865 a
848 2798 1022 2865 Benedicto
1043 2799 1151 2868 XIV.
1173 2822 1233 2885 pro
1257 2798 1436 2866 Hollandia

199 2905 318 2971 editam
339 2903 382 2970 ad
400 2927 451 2969 eas
466 2904 636 2969 extendere
650 2914 756 2991 partes
770 2903 938 2969 Amerieae
954 2903 1218 2990 septentrionalis
1233 2902 1434 2986 Foederatse,

200 3010 235 3074 in
255 3009 376 3097 quibus
391 3009 482 3095 viget
500 3008 663 3074 decretum
685 3010 705 3044 “
715 3006 890 3091 Tametsi‚”
908 3006 950 3073 de
968 3007 1148 3094 quibusque
1163 3015 1288 3073 constat
1305 3007 1435 3072 eandem

199 3112 445 3178 declarationem
467 3111 622 3177 hactenus
644 3135 711 3178 non
734 3111 834 3177 fuisse
855 3121 1039 3194 extensam3
1064 3111 1113 3176 uti
1135 3109 1227 3176 etad
1246 3112 1357 3177 omnia
1373 3111 1435 3176 alia

199 3217 277 3301 loca,
298 3218 339 3282 de
364 3217 482 3305 quibus
507 3215 644 3281 dubium
671 3226 830 3300 movetur,
851 3225 908 3281 aut
933 3216 967 3279 in
993 3225 1156 3302 posterum
1179 3215 1302 3280 moveri
1327 3216 1433 3302 possit,

198 3331 308 3388 utrum
323 3344 422 3386 necne
436 3321 546 3386 eadem
562 3320 743 3385 Declaratio
752 3321 821 3405 jam
836 3330 967 3384 extensa
981 3319 1087 3384 fuerit

507 3423 724 3490 Beatitudinis
738 3424 837 3507 Tuae,

636 3527 757 3594 Servus
771 3527 983 3611 humillimus,

784 3632 806 3697 J
808 3651 941 3697 aooaos
963 3632 1131 3714 Gmsons,

887 3735 1033 3822 Arare.
1049 3735 1145 3818 aaa,
1160 3734 1266 3819 naq.
1282 3736 1392 3822 apos.

243 3949 345 4014 Porro
382 3949 443 4014 hae
479 3947 648 4034 petitiones
676 3944 718 4011 ad
747 3945 1035 4032 congregationem
1064 3943 1097 4009 S.
1128 3943 1169 4009 Ο.
1199 3965 1258 4029 pro
1291 3943 1434 4008 examine

198 4053 347 4118 remissae
379 4060 465 4117 sunt.
526 4050 615 4116 Emi.
645 4071 723 4115 vero
752 4047 960 4115 Universales
997 4046 1207 4133 Inquisitores
1243 4069 1277 4111 re
1313 4055 1435 4111 mature

198 4179 360 4243 perpensa,
376 4156 429 4221 die
445 4158 487 4221 25
502 4153 700 4220 Novembris
717 4156 801 4218 1885
816 4161 1043 4238 reposueruut:

242 4260 299 4325 Ad
336 4262 366 4327 Ι.
397 4259 654 4347 Supplicaudnm
669 4257 781 4322 SSmo.
796 4279 856 4343 pro
870 4256 972 4342 gratia
981 4257 1078 4340 juxta
1091 4277 1206 4341 preces.

242 4363 298 4429 Ad
329 4364 381 4431 II.
420 4361 678 4450 Supplicandum
707 4361 819 4426 SSmo.
851 4383 910 4446 pro
939 4359 1122 4423 extensione
1150 4356 1190 4422 ad
1218 4356 1373 4423 dioeceses
1402 4357 1434 4423 S.

200 4468 346 4551 Antonii,
369 4468 665 4548 Galvestonensem,
689 4474 720 4529 et
745 4465 786 4529 ad
806 4464 1011 4532 Vicariatum
1037 4461 1260 4548 Apostolioum
1286 4461 1435 4526 Browus-

199 4569 367 4636 villensem
383 4582 520 4637 tantum.
