3142 5242
802 398 819 424 x

213 448 256 510 42
323 462 510 510 TITULUS
540 460 703 510 11.-1>1=:
732 460 941 506 Punsoms
971 457 1338 506 Eccuusrns'ucm.

212 618 426 694 Salvatoris
444 617 670 692 ministrum
686 613 769 691 illic
786 614 963 691 habitare
986 611 1261 714 proclament.''
1318 611 1447 711 (Oonc.

213 733 330 809 ProV.
351 733 524 809 Halifax.
543 733 589 827 1.,
608 758 639 809 c.
658 754 797 827 xv111.,
814 757 852 808 n.
871 731 922 832 7.)

263 851 323 928 79.
351 850 511 924 Celebre
529 848 632 924 inter
648 849 714 924 SS.
734 847 871 924 Patres
888 847 1043 923 axioma
1063 846 1190 939 habet,
1208 845 1335 920 multa
1351 869 1450 943 quae

211 966 391 1043 fidelibus
409 965 528 1040 licent
551 965 709 1041 clericos
727 965 920 1040 dedecere.
974 963 1111 1062 Itaque
1134 968 1179 1038 ut
1194 960 1449 1038 eeclesiastico

212 1082 340 1159 ordini
358 1080 483 1156 honor
501 1106 594 1157 suus
611 1088 651 1156 et
673 1083 790 1157 decus
807 1087 994 1171 servetur,
1013 1081 1245 1154 mandamus
1265 1083 1311 1152 ut
1327 1100 1449 1151 sacer·

212 1201 322 1275 dotes
346 1183 370 1272 a
392 1197 559 1297 publicis
582 1222 771 1296 equorum
795 1221 955 1296 prorsus
979 1195 1200 1271 abstineant
1220 1193 1450 1284 cursibus,a

212 1314 376 1391 theatris
393 1320 434 1389 et
450 1312 690 1412 spectaculis.

262 1431 324 1506 80.
351 1430 517 1505 Monent
541 1428 679 1504 Patres
697 1428 859 1505 Concilii
883 1427 1105 1527 superioris,
1124 1436 1168 1503 ut
1190 1424 1319 1503 clerici
1343 1426 1449 1500 omni

212 1546 342 1623 studio
356 1551 529 1639 caveant,
545 1552 624 1620 “ne
636 1547 754 1620 corda
766 1570 900 1621 eorum
915 1551 954 1620 ct
970 1543 1225 1620 conscientiae
1237 1549 1451 1641 graventur

212 1661 373 1760 crapula
395 1668 436 1737 et
458 1661 655 1737 ebrietate.
709 1660 950 1735 Ebrietatem
973 1659 1236 1761 Ohrysologus
1254 1663 1367 1733 vocat
1388 1655 1449 1731 ‘in

213 1778 290 1853 alio
314 1777 473 1871 crimen,
497 1776 540 1851 in
565 1779 764 1853 sacerdote
788 1775 1057 1876 sacrilegium
1093 1800 1211 1876 quam
1237 1799 1287 1850 ne
1314 1773 1450 1849 auditu

213 1893 372 1994 quidem
390 1893 582 1992 attingere
606 1893 732 1985 debet,
750 1918 810 1986 ne,
829 1893 896 1992 qui
914 1899 974 1968 est
995 1893 1123 1968 forma
1138 1891 1343 1983 virtutum,
1362 1889 1420 1964 vit
1435 1930 1448 1945 ·

213 2035 326 2085 orum
351 2009 444 2085 inde
470 2010 539 2084 fiat
562 2015 602 2086 et
626 2008 850 2084 inveniatur
873 2008 1119 2107 exemplum?
1172 2008 1227 2083 Et
1248 2032 1343 2082 sane
1367 2003 1450 2081 fieri

213 2125 372 2201 omnino
401 2125 546 2224 nequit,
566 2132 611 2201 ut
635 2127 813 2201 sacerdos
837 2124 928 2200 huic
948 2124 1044 2199 vitio
1069 2123 1224 2200 deditus
1249 2122 1365 2198 officii
1390 2119 1450 2197 sui

214 2266 323 2317 sacra
356 2267 520 2316 munera
552 2248 785 2340 exequatur3
833 2242 1163 2342 quemadmodum
1206 2239 1263 2315 ait
1304 2238 1449 2314 Isaiae:

215 2357 422 2433 ‘Sacerdos
438 2364 479 2433 et
495 2356 688 2457 propheta
710 2357 931 2433 nescierunt
952 2381 1047 2456 prae
1063 2356 1259 2448 ebrietate,
1278 2354 1450 2454 absorpti

214 2479 306 2550 sunt
332 2498 356 2548 a
382 2473 486 2567 vino,
514 2479 745 2548 erraverunt
770 2473 813 2548 in
848 2472 1045 2566 ebrietate,
1074 2470 1296 2548 nescierunt
1317 2471 1450 2546 viden·

214 2594 306 2682 tem,
342 2588 623 2689 ignoraverunt
659 2587 877 2687 judicium.'
946 2588 1052 2664 Hinc
1084 2613 1172 2664 eam
1210 2613 1289 2663 non
1323 2587 1451 2663 solum

215 2705 326 2803 quasi
354 2706 590 2779 ‘fomentum
622 2704 798 2780 libidinis
827 2712 867 2780 et
893 2704 1133 2780 incentivum
1157 2703 1358 2797 insaniae,'
1384 2704 1452 2779 sed

216 2820 334 2895 etiam
365 2827 553 2918 tanquam
585 2827 799 2896 ‘venenum
829 2820 1064 2919 sapientiae’
1093 2822 1257 2896 damnat
1283 2820 1451 2894 Ambro-

215 2935 307 3011 sius.
360 2937 411 3010 ‘A
427 2935 587 3034 crapula
609 2943 650 3012 et
670 2936 878 3012 ebrietate’
903 2936 1041 3012 statuit
1057 2936 1274 3012 Concilium
1293 2936 1450 3011 Latera·

216 3076 334 3127 nense
373 3052 445 3127 sub
484 3052 711 3127 innocentio
751 3053 842 3146 ΙΙΙ.,
879 3060 1035 3128 ‘omnes
1077 3052 1205 3128 clerici
1244 3052 1452 3151 diligenter

216 3168 458 3260 abstineant3
484 3169 587 3242 unde
610 3168 748 3242 vinum
772 3169 848 3243 sibi
871 3176 1090 3267 temperent
1112 3176 1153 3243 et
1176 3194 1218 3244 se
1239 3168 1356 3262 vino;
1384 3191 1452 3242 nec

216 3284 266 3357 ad
291 3283 504 3357 bibendum
531 3283 727 3382 quispiam
753 3283 947 3378 incitetur,
974 3310 1062 3360 cum
1087 3285 1255 3360 ebrietas
1280 3291 1321 3360 et
1346 3308 1449 3359 men·

216 3397 267 3472 tis
294 3398 455 3473 inducat
482 3398 643 3473 exilium
671 3407 711 3474 et
739 3399 914 3475 libidinis
942 3408 1126 3499 provocet
1152 3398 1450 3475 incentivum.’''

221 3513 274 3611 (N
277 3539 310 3588 ο.
332 3517 430 3611 161.)
489 3514 574 3589 “Ut
593 3514 733 3613 fiagitii
755 3516 1004 3605 occasionem,
1023 3542 1122 3615 quae
1141 3516 1184 3591 in
1201 3517 1389 3614 cauponis
1413 3521 1451 3590 et

216 3629 387 3703 tabernis
406 3631 537 3703 deesse
555 3654 633 3704 non
651 3631 759 3722 solet,
774 3631 922 3706 clericis
940 3632 1171 3724 adimamus,
1185 3657 1451 3730 cauponarum

216 3744 327 3818 aditu
339 3751 379 3818 et
392 3770 464 3819 usu
483 3744 538 3818 eis
557 3746 714 3820 omnino
728 3746 1010 3840 interdicimus,
1025 3748 1101 3822 nisi
1115 3749 1155 3822 in
1170 3748 1311 3823 itinere
1325 3773 1452 3823 neces-

216 3859 343 3934 sitatis
361 3861 511 3934 causa.”
571 3861 623 3957 (N
626 3887 659 3935 o.
680 3864 781 3961 162.)

265 3975 326 4049 81.
370 3975 472 4064 Quia
506 3976 601 4050 satis
636 4001 712 4051 non
748 3985 807 4052 est
841 3979 993 4054 nullum
1033 3980 1073 4054 in
1108 3980 1211 4056 clero
1246 3981 1453 4056 admittere

215 4090 372 4183 crimen,
391 4092 459 4165 sed
482 4092 543 4165 vel
569 4093 808 4167 levissimam
832 4095 1006 4170 criminis
1030 4096 1290 4193 suspicionem
1318 4095 1452 4195 procul

216 4230 345 4280 arcere
368 4206 525 4280 omnino
550 4216 713 4304 oportet,
738 4208 951 4308 Episcopos
976 4212 1017 4285 in
1042 4212 1211 4320 Domino
1235 4239 1451 4303 monemuS,

216 4327 260 4395 ut
277 4321 419 4395 decreti
437 4321 781 4398 Praedecessorum
801 4324 1033 4401 Nostrorum
1052 4329 1101 4402 de
1117 4328 1347 4403 clericorum
1365 4353 1452 4404 cum

215 4436 444 4510 mulieribus
462 4437 654 4511 consortio
672 4440 887 4514 executioni
905 4443 1040 4517 sedulo
1053 4443 1295 4543 firmiterque
1312 4444 1451 4541 invigi-

216 4550 309 4624 lent.
362 4551 585 4625 “Volumus
602 4551 722 4650 igitur
743 4553 951 4651 imprimisr,
971 4564 1015 4631 ut
1039 4557 1298 4634 saecularium
1316 4559 1452 4634 mulie·
