3142 5242
604 1088 945 1194 TITULUS
990 1088 1038 1192 Ι.

589 1365 653 1471 De
678 1365 788 1469 Fide
813 1363 1051 1470 Catholica

555 1851 772 1927 CAPUT
809 1850 1103 1927 UNICUM.

257 2037 292 2111 1.
327 2034 520 2124 Quoniam
547 2035 844 2109 fundamentum
870 2040 911 2109 et
935 2033 1048 2109 radix
1067 2033 1359 2132 justificationis
1384 2038 1441 2108 est

207 2152 311 2243 fides,
330 2152 380 2226 ab
405 2176 451 2224 ea
475 2175 573 2247 opus
598 2149 761 2224 Concilii
786 2150 904 2248 hujus
931 2149 1106 2224 Plenarii
1133 2149 1212 2224 III.
1232 2149 1442 2223 Baltimor·

207 2268 309 2343 ensis
342 2266 450 2341 ducit
482 2264 651 2341 initium.
718 2265 860 2342 Omnia
900 2264 1021 2365 igitur
1054 2290 1154 2365 quae
1186 2265 1237 2340 ab
1272 2264 1444 2340 Ecclesia

150 2381 157 2392 '
208 2382 416 2475 catholica,
434 2381 517 2457 sive
542 2381 707 2457 solemni
727 2382 744 2480 j
751 2381 887 2475 udicio,
906 2380 990 2456 sive
1014 2380 1214 2457 ordinario
1231 2387 1272 2456 et
1289 2379 1443 2456 univer·

208 2498 280 2573 sali
314 2496 550 2596 magisterio,
577 2504 622 2573 ut
655 2497 845 2574 divinitus
877 2497 1053 2573 revelata
1081 2498 1276 2573 credenda
1304 2521 1444 2596 propo·

209 2623 365 2709 nuntur,
378 2613 584 2708 credimus,
599 2613 763 2689 solemni
781 2612 1021 2712 professione
1038 2614 1267 2688 confitemur
1283 2619 1323 2687 et
1336 2614 1445 2687 doce·

208 2756 317 2824 mus;
351 2729 552 2828 signanter
585 2755 689 2822 vero,
715 2755 763 2804 ea
787 2754 887 2829 quae
911 2729 953 2803 in
982 2728 1237 2805 Oecumenico
1272 2728 1447 2803 Concilio

207 2846 408 2938 Vaticano,
425 2845 765 2920 constitutionibus
783 2844 1013 2943 dogmaticis
1032 2845 1104 2919 Dei
1121 2845 1238 2919 Filius
1255 2851 1295 2919 et
1312 2845 1449 2919 Pastor

209 2963 390 3038 Aetcruus
406 2961 566 3036 definita
583 2969 687 3037 sunt.
1514 2961 1516 2964 ’

259 3079 295 3152 2.
330 3077 534 3153 Credimus
559 3076 691 3176 itaquo
716 3084 756 3153 et
782 3079 974 3173 docemus,
992 3079 1186 3154 mundum
1203 3102 1342 3176 resque
1366 3103 1448 3152 om·

210 3220 278 3270 nes
303 3219 402 3292 quae
426 3193 468 3267 in
493 3218 539 3269 eo
564 3193 821 3286 continentur,
840 3201 880 3269 et
900 3194 1124 3292 spirituales
1147 3200 1187 3268 et
1212 3193 1448 3283 materiales

211 3313 421 3386 secundum
456 3316 580 3384 totam
616 3335 728 3384 suam
764 3310 1023 3385 substantiam
1060 3336 1084 3385 a
1120 3309 1215 3404 Deo,
1236 3309 1451 3384 liberrima

210 3427 421 3519 voluntate,
440 3426 569 3501 adsui
585 3425 763 3525 gloriam,
783 3452 831 3500 ex
847 3425 970 3501 nihilo
988 3452 1073 3502 esse
1090 3428 1312 3526 productas,

260 3546 296 3620 3.
332 3543 433 3617 Item
459 3542 653 3617 credimus
679 3549 718 3617 et
743 3544 926 3617 docemus
952 3541 1080 3617 Deum
1105 3567 1238 3617 rerum
1270 3542 1450 3617 omnium

211 3658 446 3759 principium
472 3665 512 3733 et
536 3660 653 3733 finem
681 3657 850 3733 naturali
867 3658 1062 3735 humanae
1077 3658 1243 3733 rationis
1260 3657 1411 3733 lumine
1428 3684 1451 3733 e

211 3777 326 3851 rebus
343 3774 481 3850 creatis
494 3782 597 3849 certo
611 3773 789 3873 cognosci
805 3799 940 3873 posse;
966 3782 1139 3849 attamen
1156 3774 1349 3873 placuisse
1366 3775 1451 3873 ejus

213 3891 425 3990 sapientiae
436 3916 479 3965 ac
489 3890 654 3965 bonitati
666 3890 755 3983 alia,
766 3915 886 3989 eaque
897 3889 1186 3989 supernaturali
1198 3888 1265 3965 via
1275 3890 1452 3988 seipsum

213 4033 256 4083 ac
281 4014 439 4082 aeterna
463 4006 676 4081 voluntatis
702 4032 796 4081 snae
821 4008 974 4081 decreta
998 4007 1170 4081 humano
1191 4006 1325 4104 generi
1342 4031 1452 4081 reve·

213 4124 305 4199 lare.
358 4123 464 4198 Huic
489 4122 645 4198 divinae
669 4122 899 4197 revelationi
923 4123 1176 4198 tribuendum
1203 4121 1363 4220 quidem
1381 4131 1452 4213 est,

214 4248 257 4314 ut
269 4265 368 4338 quae
385 4239 426 4312 in
445 4239 560 4313 rebus
578 4238 722 4313 divinis
740 4239 935 4314 humanae
950 4222 1093 4313 rationi
1111 4265 1181 4338 per
1199 4263 1241 4313 se
1258 4238 1455 4337 impervia

214 4381 292 4431 non
310 4363 412 4447 suut,
426 4354 468 4429 in
485 4355 680 4454 praesenti
698 4380 850 4453 quoque
866 4355 1019 4454 generis
1036 4354 1199 4429 humani
1217 4355 1453 4447 conditione,

215 4473 264 4547 ab
290 4470 470 4546 omnibus
495 4471 684 4569 expedite,
701 4472 816 4545 firma
840 4471 1072 4546 certitudine
1089 4477 1129 4545 et
1145 4470 1255 4545 nullo
1276 4471 1454 4546 admixto

215 4613 345 4664 errore
369 4586 545 4685 cognosci
571 4587 733 4686 possint.
787 4586 1028 4681 Praeterea,
1056 4589 1106 4663 ad
1132 4611 1231 4685 quae
1259 4586 1455 4661 naturalis

346 4708 368 4770 4
