3142 5242
515 463 570 509 ns
599 465 736 511 carno
766 465 1057 513 nroscssnuo.
1358 449 1400 511 37

165 622 372 720 Episcopo,
390 619 424 696 si
444 620 530 720 jam
554 618 632 695 alia
657 620 787 696 media
804 623 1049 696 aberrantem
1073 620 1246 696 advitae
1269 620 1400 695 melio·

164 762 248 813 rem
260 739 414 836 frugem
424 736 632 812 revocandi
641 738 788 813 frustra
796 736 1018 831 tentaverit,
1030 762 1077 812 ea
1089 762 1183 812 sane
1193 737 1403 812 durissima

165 853 373 928 necessitas
397 852 574 947 occurrit,
592 858 638 928 ut
661 852 781 928 talem
805 852 1031 928 ministrum
1054 854 1105 928 ab
1128 852 1261 927 officiis
1284 851 1403 927 sacris

165 968 387 1044 exercendis
401 967 665 1067 suspensionis
676 969 739 1044 vel
757 968 859 1044 alius
877 967 1094 1066 spiritualis
1110 993 1259 1068 poenae
1271 967 1403 1068 gladio

165 1091 303 1160 arceat.
381 1084 622 1161 Tristissima
662 1085 845 1184 profecto,
884 1109 929 1160 ac
969 1083 1134 1183 periculi
1176 1084 1405 1183 plenissima

165 1199 433 1300 hujuscemodi
456 1201 666 1277 sacerdotis
689 1201 859 1276 conditio
878 1209 948 1294 est,
967 1201 1197 1300 praesertim
1222 1227 1269 1277 ex
1291 1226 1403 1300 pecu·

166 1316 328 1393 liaribus
344 1318 463 1416 hujus
479 1317 649 1417 regionis
667 1317 980 1411 circumstantiis,
997 1317 1056 1392 ita
1078 1324 1124 1392 ut
1145 1317 1190 1392 in
1208 1316 1404 1416 spirituali

166 1457 210 1508 ac
220 1433 431 1532 temporali
448 1459 520 1509 sua
535 1441 717 1533 egestate,
729 1433 811 1508 filio
827 1433 1005 1533 prodigo,
1018 1434 1129 1532 cujus
1143 1433 1404 1533 Evangelium

166 1549 357 1643 meminit,
378 1575 470 1626 vere
495 1549 714 1649 comparari
739 1550 874 1650 possit.
926 1551 984 1625 At
1008 1574 1086 1625 non
1113 1548 1244 1626 minus
1267 1575 1405 1625 verum

166 1673 234 1759 est,
270 1668 408 1742 eodem
447 1666 530 1741 Nos
569 1691 613 1741 ac
650 1673 814 1766 patrem,
850 1668 898 1743 de
937 1692 1012 1767 quo
1056 1692 1165 1742 sacra
1207 1667 1405 1766 parabola,

165 1782 380 1882 parentalis
405 1783 550 1858 amoris
581 1809 625 1858 ac
654 1783 742 1883 piae
769 1783 1117 1858 commiserationis
1144 1783 1280 1859 effectu
1305 1782 1406 1857 filios

167 1906 320 1974 nostros
337 1900 561 1975 aberrantes
579 1899 773 1999 prosequi.
824 1900 986 1999 Semper
1002 1899 1108 1975 enim
1126 1925 1261 1975 sumus
1278 1898 1406 1999 parati

167 2017 335 2109 eosdem,
361 2017 574 2091 dummodo
602 2017 649 2091 de
674 2015 902 2114 insipientia
924 2040 997 2091 sua
1023 2015 1199 2091 dolentes
1223 2015 1407 2113 cordique

169 2131 293 2230 patris
317 2132 551 2207 confidentes
574 2132 616 2206 in
642 2134 803 2208 domum
827 2139 1031 2230 paternam
1048 2133 1220 2225 redeant,
1238 2130 1407 2206 brachiis

169 2248 314 2347 apertis
339 2247 520 2346 recipere,
544 2248 676 2347 eisque
700 2248 795 2347 jura
819 2247 952 2323 fratris
979 2247 1150 2347 junioris
1176 2257 1406 2339 restaurare,

137 2437 143 2447 ,
168 2366 382 2462 gaudentes
405 2366 510 2463 quod
533 2364 636 2439 filius
660 2364 727 2464 qui
752 2371 929 2440 mortuus
953 2371 1038 2440 erat
1062 2364 1257 2457 revixerit,
1281 2369 1321 2438 et
1341 2361 1408 2462 qui

169 2480 341 2579 perierat
356 2480 541 2556 inventus
559 2480 621 2556 sit.
678 2486 690 2570 (
695 2481 785 2556 Luc.
805 2503 875 2557 XV.
894 2482 971 2580 24.)

219 2596 409 2686 Quamvis
443 2596 573 2696 itaque
608 2598 836 2691 sacerdotes,
867 2596 934 2696 qui
968 2598 1018 2672 ob
1052 2623 1164 2674 suam
1198 2598 1355 2697 culpam
1385 2623 1409 2673 a

170 2713 288 2788 sacris
314 2721 493 2789 arcentur
518 2713 791 2806 functionibus,
814 2739 892 2788 non
918 2714 1072 2812 possint
1095 2714 1210 2790 titulo
1231 2697 1409 2813 justitiae

171 2830 220 2905 ab
253 2830 447 2929 Episcopo
487 2831 651 2929 exigere,
687 2837 731 2905 ut
768 2855 902 2906 eorum
941 2830 1150 2928 temporali
1189 2828 1409 2905 necessitati

171 2945 373 3046 provideat
395 2947 524 3044 (Cone.
543 2947 655 3023 Plen.
674 2945 778 3021 Bait.
797 2946 867 3040 ΙΙ.,
883 2946 957 3022 No.
973 2948 1060 3041 77);
1086 2947 1153 3046 qui
1170 2947 1276 3023 enim
1293 2945 1409 3021 titulo

170 3061 368 3136 missionis
394 3063 627 3138 ordinantur
651 3088 699 3138 ex
725 3062 910 3138 missione
935 3070 1212 3157 sustententur,
1230 3063 1286 3138 ita
1312 3069 1356 3137 ut
1380 3061 1409 3136 ii

171 3163 299 3253 solum
324 3178 457 3277 quiin
482 3179 650 3254 sacrario
677 3186 900 3278 operantur,
918 3205 1017 3279 quae
1040 3181 1089 3255 de
1112 3179 1279 3254 sacrario
1306 3185 1407 3270 sunt,

171 3294 311 3388 edant;
341 3295 473 3395 etqui
499 3295 615 3371 altari
641 3294 879 3388 deserviunt,
897 3320 986 3370 cum
1012 3295 1127 3371 altari
1153 3295 1408 3395 participent;

171 3418 209 3486 et
239 3410 306 3511 qui
342 3411 603 3510 Evangelium
638 3410 854 3503 enuntiant,
881 3413 930 3487 de
961 3411 1176 3510 Evangelio
1202 3411 1340 3485 vivant
1365 3417 1408 3506 (1.

173 3528 259 3603 Cor.
284 3549 343 3604 lx.
371 3530 432 3622 13,
459 3529 550 3628 14);
589 3535 773 3621 attamen,
801 3553 877 3627 quo
904 3528 1093 3603 efficacius
1119 3529 1342 3603 aberrantes
1368 3526 1409 3601 in

172 3643 354 3720 semitam
377 3651 524 3720 rectam
550 3646 796 3738 reducantur,
820 3644 931 3719 enixe
955 3645 1273 3756 commendamus
1299 3669 1347 3718 ex
1372 3643 1409 3718 S.

173 3759 493 3860 congregationis
519 3763 568 3836 de
590 3759 852 3859 Propaganda
874 3759 972 3835 Fide
997 3760 1184 3854 consulto,
1203 3766 1248 3836 ut
1272 3761 1411 3835 domus
1479 3777 1483 3784 '

173 3877 366 3975 quaedam
401 3902 426 3952 a
457 3875 652 3977 religiosis
685 3876 782 3951 viris
815 3878 1008 3975 regendae
1041 3876 1309 3969 instituantur,
1345 3875 1410 3951 ubi

174 3995 393 4068 sacerdotes
417 3993 532 4092 lapsi,
555 3992 624 4092 qui
650 4018 760 4092 spem
787 3993 992 4068 fundatam
1018 3992 1282 4069 conversionis
1307 3990 1411 4067 exhi·

172 4109 278 4203 bent,
295 4134 367 4210 pro
384 4117 561 4208 tempore
583 4111 634 4185 ab
659 4109 853 4207 Episcopo
874 4111 1091 4203 statuendo,
1108 4109 1233 4183 vitam
1256 4110 1411 4208 degant.

174 4224 255 4302 Ubi
279 4250 372 4301 vero
397 4225 440 4301 id
465 4232 626 4326 propter
649 4251 782 4301 rerum
807 4227 992 4301 adversas
1021 4225 1261 4301 conditiones
1287 4225 1413 4301 adhuc

174 4340 260 4417 fieri
301 4341 448 4441 nequit,
484 4341 689 4441 Episcopis
733 4365 832 4416 onus
872 4340 1112 4440 imponimus
1154 4366 1225 4441 pro
1263 4340 1413 4415 viribus

153 4512 156 4519 -
176 4463 428 4558 satagerent
449 4457 549 4533 tales
571 4459 788 4534 sacerdotes
812 4457 854 4532 in
879 4456 1029 4556 aliquas
1052 4459 1188 4533 domos
1212 4455 1413 4556 religiosas

177 4597 247 4650 seu
268 4574 505 4650 monasteria
527 4573 776 4674 recipiantur.
829 4572 916 4663 Qua
933 4598 1024 4648 vero
1043 4573 1225 4648 methodo
1250 4571 1415 4672 pecunia
