3142 5242
204 449 255 513 cvl
331 461 574 512 coNcILIUM
596 464 859 512 PLENARIUM
881 464 1222 512 BAL'rnroaaresn
1244 465 1315 513 111.

203 643 237 687 re
252 622 323 707 jam
343 630 615 705 commoveantur,
635 643 701 686 non
722 643 838 708 parum
861 621 1011 686 mirantes
1031 643 1096 707 qua
1116 621 1239 687 ratione
1260 620 1294 686 id
1317 622 1384 704 fiat,
1404 630 1442 686 ut

202 726 294 791 certis
318 725 431 791 diebus
456 724 612 812 obligatio
635 725 787 792 audiendi
812 725 942 790 missam
966 735 1000 790 et
1023 724 1204 790 abstinendi
1225 724 1267 790 ab
1291 725 1442 811 operibus

201 828 372 895 servilibus
393 837 504 916 urgeat
525 828 561 894 iu
581 851 647 894 una
664 829 799 894 dioecesi
818 828 872 895 vel
894 828 1070 916 provincia,
1089 827 1125 892 in
1146 827 1247 894 altera
1265 851 1343 896 vero
1364 851 1440 895 non.

202 932 368 998 Praeterea
389 932 424 997 in
446 932 533 999 hisce
553 932 737 1020 regionibus
758 932 867 998 fideles
885 931 1084 1020 gravissimis
1098 941 1288 1019 premuntur
1301 930 1442 996 difficul-

200 1036 321 1102 tatibus
349 1036 456 1124 quoad
492 1036 726 1102 observantiam
754 1035 881 1102 dierum
918 1037 1081 1103 festorum.
1140 1036 1254 1116 Quum
1282 1036 1369 1102 enim
1406 1035 1441 1100 in

201 1140 351 1228 parandis
373 1140 460 1208 vitae
485 1141 666 1207 necessariis
690 1163 808 1227 magna
828 1163 870 1205 ex
891 1150 982 1227 parte
1001 1140 1044 1206 ab
1064 1139 1247 1206 acatholicis
1269 1140 1441 1227 pendeant,

200 1245 257 1331 qui
277 1243 401 1310 labores
419 1243 533 1309 diebus
552 1243 650 1329 festis,
668 1244 732 1309 nisi
752 1243 787 1308 in
805 1243 993 1310 Dominicas
1011 1243 1165 1327 incidant,
1184 1243 1356 1309 intermitti
1375 1266 1440 1309 non

200 1349 379 1435 patiuntur,
404 1348 547 1414 maxima
571 1348 717 1414 fidelium
742 1371 817 1435 pars
842 1347 972 1413 nonnisi
996 1371 1070 1413 cum
1094 1347 1295 1435 gravissimis
1319 1348 1441 1413 iucom-

200 1451 305 1518 modis
326 1452 440 1517 iisdem
460 1451 575 1518 diebus
596 1452 638 1518 ab
659 1452 808 1539 operibus
829 1451 989 1517 abstinere
1010 1461 1043 1517 et
1063 1451 1120 1518 SS.
1139 1451 1259 1518 Missae
1280 1451 1441 1518 Sacrificio

200 1555 349 1622 interesse
374 1567 518 1643 possunt.
564 1555 655 1622 Hinc
676 1556 790 1622 Patras
815 1555 850 1620 in
872 1555 1019 1622 Concilio
1041 1555 1193 1621 Plenario
1214 1554 1441 1621 Baltimorensi

200 1659 310 1725 Tertio
338 1661 522 1746 congregati
550 1682 751 1746 summopere
772 1659 807 1724 in
829 1659 915 1728 votis
937 1658 1097 1744 habentes,
1118 1668 1156 1724 ut
1181 1659 1385 1725 uniformitas
1405 1659 1440 1724 in

199 1762 365 1830 servandis
394 1764 501 1829 Festis
536 1764 717 1842 inducatur,
747 1772 935 1850 matureque
970 1762 1199 1850 perpendentes
1227 1762 1440 1846 difficultates,

199 1866 317 1954 quibus
336 1867 447 1933 fideles
467 1867 552 1933 intra
572 1866 763 1933 Foederatas
782 1867 841 1932 has
861 1865 1050 1933 Provincias
1070 1867 1226 1950 laborant,
1240 1866 1440 1933 Beatitudini

199 1970 288 2036 Tame
302 1971 552 2058 supplicandum
566 1971 749 2037 duxerunt:

245 2079 286 2142 1⁰.
313 2075 364 2142 Ut
383 2076 514 2141 attentis
535 2075 748 2162 peculiaribus
769 2076 1014 2142 circumstantiis
1035 2075 1275 2143 Catholicomm
1298 2077 1334 2141 in
1356 2074 1440 2142 hisce

198 2179 382 2266 regionibus
410 2180 617 2262 morantium,
646 2179 834 2266 Apostolica
862 2180 1064 2245 Auctoritate
1090 2179 1242 2267 dignetur
1270 2180 1438 2263 declarare,

199 2306 257 2370 per
277 2306 388 2349 omnes
409 2283 564 2348 dioeceses
584 2284 754 2349 Americae
773 2282 1040 2371 Septentrionalis
1062 2282 1265 2367 Foederatae,
1287 2282 1329 2349 de
1350 2305 1438 2370 prae·

197 2397 289 2473 cepto
302 2386 454 2451 audiendi
469 2386 606 2452 Missam
625 2395 657 2452 et
672 2386 855 2452 abstinendi
872 2409 893 2452 a
909 2385 1089 2470 servilibus,
1104 2387 1277 2454 servandos
1290 2409 1358 2452 esse
1371 2386 1438 2452 dics

198 2489 295 2556 festos
309 2512 419 2556 omnes
433 2500 466 2555 et
479 2490 564 2556 solos
577 2491 635 2577 qui
649 2501 846 2578 sequunturz

504 2593 717 2660 Immaculata
730 2595 914 2681 conceptio,
930 2594 969 2661 Β.
986 2593 1036 2661 Μ.
1052 2594 1100 2664 V.

503 2696 668 2764 Nativitas
682 2697 726 2764 D.
742 2698 786 2764 N.
803 2698 837 2764 J.
854 2698 891 2764 C.

504 2801 713 2868 Circumcisio
728 2801 772 2867 D.
788 2801 832 2867 N.
845 2802 879 2867 J.
896 2801 933 2867 C.

503 2905 656 2970 Ascensio
671 2905 714 2970 D.
731 2904 775 2970 N.
791 2905 824 2970 J.
841 2906 879 2971 C.

503 3010 693 3096 Assumptio
708 3009 748 3074 B.
766 3009 815 3074 M.
832 3009 879 3078 V.

504 3113 638 3179 Festum
653 3112 812 3178 Omnium
827 3113 1027 3180 Sanctorum.

197 3218 260 3284 Per
273 3242 382 3284 rerum
396 3218 484 3283 enim
503 3227 747 3304 temporumque
764 3216 901 3281 rationes
918 3217 1053 3283 istorum
1070 3242 1127 3284 sex
1140 3219 1267 3285 dierum
1282 3219 1434 3286 festorum

195 3323 375 3388 observatio
389 3322 513 3387 felicius
526 3329 681 3407 speratur.

239 3429 281 3493 2⁰.
307 3424 435 3505 Quoad
460 3434 578 3490 ceteros
603 3424 672 3489 dies
697 3423 802 3508 festos,
828 3426 886 3513 qui
911 3436 1035 3515 praeter
1060 3449 1115 3491 sex
1140 3427 1339 3514 supradictos
1363 3429 1434 3515 qui-

194 3530 331 3596 busdam
354 3530 389 3594 in
412 3529 490 3595 locis
511 3528 618 3594 adhuc
638 3528 679 3593 de
700 3538 867 3615 praecepto
888 3540 974 3614 sunt,
994 3538 1033 3595 ut
1053 3553 1094 3596 ex
1116 3531 1304 3618 Apostolica
1325 3532 1434 3619 benig·

194 3636 294 3700 nitate
319 3635 503 3699 eorumdem
531 3632 675 3697 locorum
701 3632 809 3697 fideles
833 3633 1001 3700 solvantur
1021 3633 1152 3722 quidem
1176 3634 1219 3700 ab
1240 3635 1434 3722 obligatione

194 3740 331 3805 Missam
351 3737 505 3803 audiendi
524 3745 557 3802 et
575 3736 616 3801 ab
634 3736 784 3822 operibus
802 3737 1002 3804 abstinendi:
1024 3738 1104 3825 quin
1123 3746 1230 3804 tamen
1250 3739 1349 3804 iidem
1368 3739 1434 3804 dies

194 3844 266 3910 sesti
281 3841 388 3930 quoad
403 3840 606 3906 devotionem
620 3849 653 3905 et
666 3839 899 3905 solemnitatem
914 3851 1077 3907 externam
1091 3843 1344 3929 supprimantur.

237 3952 280 4015 3⁰.
304 3945 361 4012 Ad
383 3945 499 4011 festum
514 3944 572 4010 SS.
588 3944 714 4030 Corpus
729 3943 852 4010 Christi
870 3945 956 4032 quod
972 3955 1101 4032 spectat,
1116 3955 1153 4011 ut
1170 3946 1307 4032 benigne
1325 3947 1434 4013 indul·

192 4077 266 4139 gere
295 4051 387 4133 velit,
417 4049 504 4137 quod
540 4047 683 4136 ejusdem
713 4035 808 4112 Festi
832 4048 1016 4114 solemnitas
1051 4049 1086 4113 in
1115 4049 1200 4115 diem
1230 4049 1433 4116 Dominicam

192 4158 340 4245 proxime
369 4163 552 4240 sequentem
589 4150 809 4236 transferatur,
838 4151 881 4217 ad
910 4175 1055 4218 normam
1084 4152 1202 4218 indulti
1238 4152 1435 4219 dioecesibus

192 4262 342 4326 Statuam
374 4258 624 4323 Foederatorum
654 4256 822 4321 Americae
857 4256 1119 4342 Septentrionalis
1154 4258 1292 4322 concessi
1327 4257 1434 4344 quoad

192 4365 310 4430 festum
340 4363 397 4428 SS.
425 4361 659 4448 Apostolorum
687 4359 774 4423 Petri
800 4370 831 4424 et
857 4359 963 4443 Pauli,
989 4369 1027 4425 ut
1052 4361 1187 4426 habetur
1211 4361 1246 4425 iu
1272 4361 1375 4427 literis
1399 4361 1432 4427 S.

193 4469 312 4555 Congr.
335 4467 376 4531 de
403 4467 499 4551 Prop.
525 4464 607 4529 Fide
632 4463 673 4528 ad
700 4463 984 4550 Archiopiscopum
1009 4463 1274 4530 Baltimorensem
1299 4464 1363 4530 diei
1392 4468 1433 4530 19

194 4572 388 4652 Decembris
407 4574 502 4635 1840.
