3142 5242
169 447 233 512 282
584 528 588 537 Ι
661 464 908 514 arenanrx.

167 642 282 708 eosque
302 643 322 686 a
343 619 562 687 familiaritate
581 629 615 687 et
635 622 795 688 eonsortio
815 620 1094 709 discipulorum,a
1113 621 1236 708 quibus
1257 621 1334 687 lidei
1354 619 1403 687 vel

166 747 294 789 morum
323 724 502 812 perieulum
538 724 706 791 imminere
732 726 844 814 possit,
871 747 929 791 seu
956 748 1096 814 quorum
1123 725 1270 812 corrupti
1305 747 1403 791 mom

167 826 297 912 fuerint,
312 829 446 894 omnino
463 837 592 895 aroeant
609 839 707 916 atque
722 829 922 916 prohibeant.
967 828 1065 895 Hane
1076 839 1186 895 autem
1199 830 1402 895 nemetiam

166 931 372 998 christianam
387 932 621 1007 institutionem
639 941 672 998 et
690 931 909 999 educationem
927 932 1038 999 liberis
1050 933 1118 998 suis
1132 933 1301 1020 impertire
1312 941 1403 1020 quot·

166 1045 248 1124 quot
265 1047 412 1123 parentes
426 1036 596 1124 negligunt
604 1063 614 1119 ;
635 1045 693 1102 aut
706 1035 764 1124 qui
784 1036 985 1125 frequentare
998 1059 1052 1103 eos
1064 1037 1176 1103 sinunt
1190 1036 1272 1103 talea
1284 1035 1403 1103 scholae

167 1140 336 1227 inquibus
354 1141 537 1206 animarum
558 1141 653 1206 ruina
673 1140 788 1207 evitari
810 1164 876 1206 non
896 1150 1011 1228 potest,
1025 1149 1084 1207 aut
1103 1139 1236 1207 tandem
1250 1141 1320 1228 qui,
1334 1138 1402 1205 lieet

166 1243 275 1309 schola
297 1243 455 1310 eatholiea
479 1245 514 1309 in
537 1244 647 1311 eodem
674 1245 744 1311 loeo
768 1245 883 1311 idonea
906 1245 1001 1329 adsit,
1023 1255 1161 1332 apteque
1185 1245 1354 1327 instructa,
1373 1252 1402 1309 et

166 1357 287 1434 parata,
302 1370 358 1413 seu
372 1349 521 1435 quamvis
535 1348 719 1414 facultatem
733 1348 872 1415 habeant
891 1349 926 1413 in
939 1348 1004 1414 alia
1016 1347 1145 1437 regione
1158 1348 1285 1435 prolem
1297 1347 1401 1413 ‹atho-

166 1449 227 1517 liee
253 1451 419 1535 edumudi,
445 1451 657 1518 nihilominus
685 1453 892 1519 committunt
919 1475 989 1519 eam
1016 1451 1134 1519 scholis
1161 1451 1313 1539 publicis,
1337 1452 1401 1517 sine

165 1554 335 1620 sufficienti
361 1577 467 1639 eausa,
490 1579 528 1621 ae
549 1556 618 1621 sine
641 1555 824 1621 neeessariis
847 1556 1058 1640 eautionibus,
1080 1555 1202 1643 quibus
1226 1555 1399 1643 perieralum

165 1659 379 1745 perversioris
403 1681 421 1724 e
446 1660 595 1747 proximo
623 1669 783 1726 remotum
812 1661 889 1726 fiat:
923 1682 976 1725 eos
999 1659 1027 1725 si
1052 1668 1255 1725 contumaees
1284 1658 1399 1724 fuerint

165 1762 291 1829 absolvi
320 1786 385 1828 non
411 1786 501 1850 posse
530 1764 565 1829 in
590 1753 786 1829 sacramento
814 1764 1025 1851 poenitentiae
1049 1785 1090 1828 ex
1115 1762 1263 1828 doctrina
1290 1760 1398 1827 morali

165 1865 320 1932 (atholioa
341 1867 548 1932 manifestum
569 1877 627 1934 est.

209 1968 301 2036 Haeo
315 1971 482 2037 instructio
495 1971 630 2058 probata
644 1971 707 2037 fuit
721 1972 801 2038 feria
814 1990 876 2055 nn,
893 1974 936 2037 24
951 1972 1148 2038 Novembris
1164 1973 1262 2038 1875.

357 2273 599 2350 Iasrauc‘rro
625 2275 663 2350 S.
692 2274 739 2350 R.
759 2296 809 2350 ar
834 2274 885 2351 U.
913 2275 1215 2361 Iuou1s1rrou1s

541 2390 605 2465 Dn
631 2391 760 2465 Sacra
785 2390 1027 2466 Massouuu.

613 2557 686 2643 [Ad
694 2581 731 2643 p.
750 2559 824 2640 137,
839 2580 865 2623 e.
882 2557 954 2644 111.]

208 2712 263 2778 Ad
285 2712 474 2799 gravissima
495 2710 668 2778 avertenda
689 2712 775 2776 mala
795 2734 816 2776 a
837 2711 1020 2776 illaaaomcm
1040 2721 1124 2777 secta
1144 2711 1282 2800 aliisque
1303 2735 1343 2777 ex
1363 2733 1396 2775 ea

162 2818 327 2903 prognatis
347 2817 381 2880 in
401 2816 577 2881 Eutlesiam
596 2824 629 2880 et
648 2816 683 2879 in
702 2838 812 2881 omnes
829 2816 951 2880 civium
965 2814 1093 2881 ordines
1108 2814 1208 2899 illata,
1223 2816 1280 2882 SS.
1297 2815 1340 2882 Ι).
1354 2814 1395 2880 N.

164 2921 231 2985 Leo
252 2920 363 2986 XIII.
381 2920 517 3005 sapienti
539 2942 668 3006 prorsus
691 2919 825 2984 coneilio
846 2918 1033 3004 Eueycliuas
1054 2919 1194 2984 Litteras
1215 2918 1397 2984 Humanum

168 3023 273 3089 Genua
289 3023 330 3088 ud
348 3046 457 3090 onmes
471 3023 618 3088 catholici
633 3023 720 3088 orbis
736 3023 912 3109 Episcopus
929 3023 1113 3109 nuperrime
1126 3022 1227 3089 dedit
1273 3024 1398 3105 Quibus

163 3128 295 3192 Litteris
317 3128 500 3192 earumdem
521 3137 676 3192 sectarum
698 3125 868 3210 doctrinas,
889 3126 996 3209 finem,
1011 3127 1145 3192 consilia
1165 3126 1298 3214 detegit,
1311 3149 1398 3192 euros

163 3232 382 3297 Romanorum
409 3230 604 3296 Pontificum
629 3229 811 3295 liberandae
837 3253 859 3296 a
886 3239 953 3295 tam
983 3230 1102 3295 nefaria
1127 3240 1215 3317 peste
1242 3230 1399 3296 humanae

162 3336 304 3401 farrailiae
318 3346 454 3418 enarrat,
469 3335 593 3401 eosdem
613 3345 711 3400 sectas
728 3334 844 3399 iterum
863 3344 896 3400 et
915 3333 993 3421 Ipse
1006 3335 1221 3400 damnationis
1240 3344 1274 3400 et
1293 3357 1399 3400 sensu·

162 3463 215 3504 rae
230 3449 304 3505 nota
318 3440 420 3504 inurit
436 3440 597 3526 simulque
613 3438 714 3522 docet,
728 3461 793 3525 qua
806 3439 929 3504 ratione
943 3449 975 3503 et
989 3439 1108 3524 quibus
1121 3440 1221 3504 armis
1234 3440 1279 3504 sit
1292 3450 1400 3504 eontra

164 3545 234 3609 illas
248 3544 479 3626 dimimndum,
494 3543 673 3629 quibusque
686 3542 845 3625 remediis,
856 3542 957 3607 illatis
969 3542 1012 3608 ab
1026 3541 1140 3607 iisdem
1154 3542 1346 3608 vulneribus
1358 3543 1400 3607 sit

162 3647 459 3714 medendum-At
472 3671 545 3712 oum
560 3646 728 3712 Sanctitati
747 3647 830 3713 Suae
846 3656 1046 3733 perspectum
1060 3646 1112 3730 sit,
1127 3655 1199 3712 tum
1214 3646 1348 3712 demum
1360 3669 1399 3711 ex

161 3755 247 3818 euris
265 3753 331 3817 suis
351 3752 462 3817 uberes
482 3751 605 3816 fruetus
623 3750 795 3837 spemndos
814 3773 891 3834 esse,
904 3774 978 3816 oum
1001 3750 1036 3815 in
1058 3773 1125 3815 rem
1144 3750 1229 3814 tanti
1246 3750 1399 3835 momenti

162 3858 308 3923 omniurn
334 3856 494 3920 Ecclesiae
516 3855 686 3920 Pastorum
711 3878 817 3941 opera,
839 3855 982 3938 consilia,
1006 3854 1128 3920 labores
1152 3855 1303 3920 unanimi
1329 3855 1399 3920 nisu

162 3962 375 4043 conferantur,
391 3959 558 4025 mandavit
579 3959 656 4024 huie
677 3959 850 4045 Supremas
868 3958 1115 4046 Congregationi
1138 3957 1172 4023 S.
1189 3958 1356 4024 Romanae
1368 3968 1398 4024 et

162 4066 366 4132 Universalis
377 4063 612 4150 Inquisitionis,
624 4073 661 4128 ut
675 4085 757 4149 quae
769 4062 892 4149 agenda
905 4063 984 4148 ipsis
995 4061 1181 4127 Pastoribus
1196 4063 1397 4148 potissimum

161 4179 273 4252 essent,
288 4178 362 4254 apte
380 4168 498 4232 eisdem
518 4176 717 4253 proponeret.
762 4166 892 4246 Quibus
910 4165 1036 4231 Summi
1054 4165 1222 4230 Pontifieis
1242 4166 1398 4231 mandatis

161 4275 210 4338 uti
231 4296 289 4359 par
308 4281 356 4338 est
375 4271 631 4336 Eminentissimi
646 4271 759 4336 Patres
777 4294 843 4336 una
861 4293 985 4335 meeum
1006 4269 1219 4355 Inquisitores
1238 4270 1398 4356 generales

162 4400 281 4442 rnorem
296 4387 449 4464 gerentes,
465 4375 614 4440 omnibus
629 4374 799 4460 Episcopis
808 4375 946 4461 aliisque
960 4372 1102 4438 loeorum
1118 4371 1305 4439 Ordinariis
1319 4373 1399 4438 hane

163 4480 412 4544 Instructionem
427 4479 566 4544 dandam
580 4501 647 4543 esse
660 4489 859 4543 censuerunt.

208 4586 258 4649 10.
294 4583 461 4670 Imprimis
475 4594 646 4670 peroptans
660 4581 921 4647 elementissimus
938 4580 1088 4646 Pontifex
1103 4581 1288 4646 animarum
1304 4579 1397 4646 saluti
